<?xml version="1.0" encoding="UTF-8"?>
<!DOCTYPE html PUBLIC "-//W3C//DTD XHTML 1.0 Transitional//EN"
    "http://www.w3.org/TR/xhtml1/DTD/xhtml1-transitional.dtd">
<html xmlns="http://www.w3.org/1999/xhtml" xml:lang="en" lang="en">
 <head>
  <title>
</title>
<meta http-equiv="Content-Type" content="text/html;charset=utf-8" />
  <meta name='ocr-system' content='tesseract 3.04.00' />
  <meta name='ocr-capabilities' content='ocr_page ocr_carea ocr_par ocr_line ocrx_word'/>
</head>
<body>
  <div class='ocr_page' id='page_1' title='image "./ravennatisanonym00geoguoft/ravennatisanonym00geoguoft_0018.png"; bbox 0 0 1425 2462; ppageno 0'>
   <div class='ocr_carea' id='block_1_1' title="bbox 176 225 234 250">
    <p class='ocr_par' dir='ltr' id='par_1_1' title="bbox 176 225 234 250">
     <span class='ocr_line' id='line_1_1' title="bbox 176 225 234 250; baseline -0.017 0"><span class='ocrx_word' id='word_1_1' title='bbox 176 225 234 250; x_wconf 80' lang='grc' dir='ltr'>ΧΙΙ</span> 
     </span>
    </p>
   </div>
   <div class='ocr_carea' id='block_1_2' title="bbox 196 529 232 554">
    <p class='ocr_par' dir='ltr' id='par_1_2' title="bbox 196 529 232 554">
     <span class='ocr_line' id='line_1_2' title="bbox 196 529 232 554; baseline 0 0"><span class='ocrx_word' id='word_1_2' title='bbox 196 529 232 554; x_wconf 83' lang='lat' dir='ltr'>m</span> 
     </span>
    </p>
   </div>
   <div class='ocr_carea' id='block_1_3' title="bbox 618 228 816 249">
    <p class='ocr_par' dir='ltr' id='par_1_3' title="bbox 618 228 816 249">
     <span class='ocr_line' id='line_1_3' title="bbox 618 228 816 249; baseline 0 -1"><span class='ocrx_word' id='word_1_3' title='bbox 618 228 816 249; x_wconf 76' lang='lat' dir='ltr'><strong>PRAEFATIO.</strong></span> 
     </span>
    </p>
   </div>
   <div class='ocr_carea' id='block_1_4' title="bbox 264 321 1260 438">
    <p class='ocr_par' dir='ltr' id='par_1_4' title="bbox 264 321 1260 438">
     <span class='ocr_line' id='line_1_4' title="bbox 267 321 1260 378; baseline 0.001 -14"><span class='ocrx_word' id='word_1_4' title='bbox 267 321 526 364; x_wconf 77' lang='lat'>547—556.</span> <span class='ocrx_word' id='word_1_5' title='bbox 597 322 686 363; x_wconf 89' lang='lat' dir='ltr'>eius</span> <span class='ocrx_word' id='word_1_6' title='bbox 724 322 1015 378; x_wconf 79' lang='lat' dir='ltr'>apographum</span> <span class='ocrx_word' id='word_1_7' title='bbox 1057 322 1260 365; x_wconf 81' lang='lat' dir='ltr'>debemus</span> 
     </span>
     <span class='ocr_line' id='line_1_5' title="bbox 264 395 1024 438; baseline 0.001 -2"><span class='ocrx_word' id='word_1_8' title='bbox 264 396 472 437; x_wconf 78' lang='lat' dir='ltr'>amicitiae</span> <span class='ocrx_word' id='word_1_9' title='bbox 503 395 726 437; x_wconf 87' lang='lat' dir='ltr'>Wilhelmi</span> <span class='ocrx_word' id='word_1_10' title='bbox 754 396 1024 438; x_wconf 87' lang='lat' dir='ltr'>Bethmanni.</span> 
     </span>
    </p>
   </div>
   <div class='ocr_carea' id='block_1_5' title="bbox 262 514 1262 1374">
    <p class='ocr_par' dir='ltr' id='par_1_5' title="bbox 262 514 1262 1374">
     <span class='ocr_line' id='line_1_6' title="bbox 264 514 1259 560; baseline 0.004 -4"><span class='ocrx_word' id='word_1_11' title='bbox 264 514 399 556; x_wconf 76' lang='lat' dir='ltr'>codex</span> <span class='ocrx_word' id='word_1_12' title='bbox 419 515 756 557; x_wconf 83' lang='lat' dir='ltr'>Mediolanensis</span> <span class='ocrx_word' id='word_1_13' title='bbox 777 515 1089 557; x_wconf 81' lang='lat' dir='ltr'><strong>Ambrosianus</strong></span> <span class='ocrx_word' id='word_1_14' title='bbox 1111 516 1152 559; x_wconf 83' lang='lat' dir='ltr'><strong>R</strong></span> <span class='ocrx_word' id='word_1_15' title='bbox 1176 517 1259 560; x_wconf 75' lang='lat'>104</span> 
     </span>
     <span class='ocr_line' id='line_1_7' title="bbox 264 590 1259 644; baseline 0.003 -14"><span class='ocrx_word' id='word_1_16' title='bbox 264 604 356 644; x_wconf 90' lang='lat' dir='ltr'>sup.</span> <span class='ocrx_word' id='word_1_17' title='bbox 397 590 511 631; x_wconf 84' lang='lat' dir='ltr'>solio.</span> <span class='ocrx_word' id='word_1_18' title='bbox 580 596 645 631; x_wconf 85' lang='lat' dir='ltr'>est</span> <span class='ocrx_word' id='word_1_19' title='bbox 684 590 957 643; x_wconf 77' lang='lat' dir='ltr'>chartaceus,</span> <span class='ocrx_word' id='word_1_20' title='bbox 996 591 1155 632; x_wconf 87' lang='lat' dir='ltr'>saeculi</span> <span class='ocrx_word' id='word_1_21' title='bbox 1182 605 1259 633; x_wconf 68' lang='grc' dir='ltr'>ΧΠ.</span> 
     </span>
     <span class='ocr_line' id='line_1_8' title="bbox 264 664 1261 719; baseline 0.002 -15"><span class='ocrx_word' id='word_1_22' title='bbox 264 665 452 705; x_wconf 81' lang='lat' dir='ltr'>continet</span> <span class='ocrx_word' id='word_1_23' title='bbox 483 665 688 719; x_wconf 87' lang='lat' dir='ltr'>opuscula</span> <span class='ocrx_word' id='word_1_24' title='bbox 717 664 921 705; x_wconf 88' lang='lat' dir='ltr'>nonnulla</span> <span class='ocrx_word' id='word_1_25' title='bbox 939 665 1095 719; x_wconf 87' lang='lat' dir='ltr'>partim</span> <span class='ocrx_word' id='word_1_26' title='bbox 1114 666 1261 718; x_wconf 85' lang='lat' dir='ltr'>latino,</span> 
     </span>
     <span class='ocr_line' id='line_1_9' title="bbox 262 738 1262 794; baseline 0.003 -16"><span class='ocrx_word' id='word_1_27' title='bbox 262 738 417 792; x_wconf 88' lang='lat' dir='ltr'>partim</span> <span class='ocrx_word' id='word_1_28' title='bbox 446 738 590 780; x_wconf 89' lang='lat' dir='ltr'>italico</span> <span class='ocrx_word' id='word_1_29' title='bbox 623 754 814 780; x_wconf 81' lang='lat' dir='ltr'>sermone</span> <span class='ocrx_word' id='word_1_30' title='bbox 847 740 1101 794; x_wconf 85' lang='lat' dir='ltr'>conscripta.</span> <span class='ocrx_word' id='word_1_31' title='bbox 1154 738 1262 782; x_wconf 87' lang='lat' dir='ltr'>Gui-</span> 
     </span>
     <span class='ocr_line' id='line_1_10' title="bbox 263 811 1260 868; baseline 0.003 -15"><span class='ocrx_word' id='word_1_32' title='bbox 263 811 385 854; x_wconf 81' lang='lat' dir='ltr'>donis</span> <span class='ocrx_word' id='word_1_33' title='bbox 417 812 525 854; x_wconf 86' lang='lat' dir='ltr'>liber</span> <span class='ocrx_word' id='word_1_34' title='bbox 555 813 615 854; x_wconf 89' lang='lat' dir='ltr'>ita</span> <span class='ocrx_word' id='word_1_35' title='bbox 644 813 793 868; x_wconf 75' lang='lat' dir='ltr'>incipit</span> <span class='ocrx_word' id='word_1_36' title='bbox 827 811 1034 868; x_wconf 81' lang='lat' dir='ltr'>„Sumpta</span> <span class='ocrx_word' id='word_1_37' title='bbox 1063 829 1113 855; x_wconf 79' lang='lat' dir='ltr'>ex</span> <span class='ocrx_word' id='word_1_38' title='bbox 1141 813 1260 857; x_wconf 89' lang='lat' dir='ltr'>libris</span> 
     </span>
     <span class='ocr_line' id='line_1_11' title="bbox 265 884 1260 943; baseline 0.003 -16"><span class='ocrx_word' id='word_1_39' title='bbox 265 884 614 943; x_wconf 75' lang='lat' dir='ltr'>Cosmographye</span> <span class='ocrx_word' id='word_1_40' title='bbox 632 885 845 928; x_wconf 83' lang='lat' dir='ltr'>Guidonis</span> <span class='ocrx_word' id='word_1_41' title='bbox 860 886 1137 930; x_wconf 83' lang='lat' dir='ltr'>Rauennatis.</span> <span class='ocrx_word' id='word_1_42' title='bbox 1187 887 1260 929; x_wconf 89' lang='lat' dir='ltr'>In-</span> 
     </span>
     <span class='ocr_line' id='line_1_12' title="bbox 264 960 1259 1018; baseline 0.003 -17"><span class='ocrx_word' id='word_1_43' title='bbox 264 961 425 1015; x_wconf 83' lang='lat' dir='ltr'>cipiunt</span> <span class='ocrx_word' id='word_1_44' title='bbox 446 961 641 1014; x_wconf 76' lang='lat' dir='ltr'>feliciter,</span> <span class='ocrx_word' id='word_1_45' title='bbox 663 967 704 1002; x_wconf 86' lang='lat' dir='ltr'>et</span> <span class='ocrx_word' id='word_1_46' title='bbox 724 961 859 1016; x_wconf 87' lang='lat' dir='ltr'>primo</span> <span class='ocrx_word' id='word_1_47' title='bbox 880 962 1098 1018; x_wconf 79' lang='lat' dir='ltr'>prologus.</span> <span class='ocrx_word' id='word_1_48' title='bbox 1150 960 1259 1004; x_wconf 85' lang='lat' dir='ltr'>Cum</span> 
     </span>
     <span class='ocr_line' id='line_1_13' title="bbox 262 1035 1259 1093; baseline 0.004 -18"><span class='ocrx_word' id='word_1_49' title='bbox 262 1035 372 1076; x_wconf 85' lang='lat' dir='ltr'>inter</span> <span class='ocrx_word' id='word_1_50' title='bbox 415 1035 633 1077; x_wconf 76' lang='lat' dir='ltr'>homines“</span> <span class='ocrx_word' id='word_1_51' title='bbox 683 1042 762 1077; x_wconf 93' lang='lat' dir='ltr'>etc.</span> <span class='ocrx_word' id='word_1_52' title='bbox 844 1037 1032 1077; x_wconf 87' lang='lat' dir='ltr'>continet</span> <span class='ocrx_word' id='word_1_53' title='bbox 1081 1037 1259 1093; x_wconf 82' lang='lat' dir='ltr'>paginas</span> 
     </span>
     <span class='ocr_line' id='line_1_14' title="bbox 263 1109 1260 1154; baseline 0.002 -3"><span class='ocrx_word' id='word_1_54' title='bbox 263 1110 506 1154; x_wconf 75' lang='lat'>449—501</span> <span class='ocrx_word' id='word_1_55' title='bbox 543 1110 584 1152; x_wconf 71' lang='grc'>4.</span> <span class='ocrx_word' id='word_1_56' title='bbox 651 1110 765 1151; x_wconf 88' lang='lat' dir='ltr'>hunc</span> <span class='ocrx_word' id='word_1_57' title='bbox 806 1109 998 1151; x_wconf 79' lang='lat' dir='ltr'>codicem</span> <span class='ocrx_word' id='word_1_58' title='bbox 1029 1110 1081 1152; x_wconf 88' lang='lat' dir='ltr'>ab</span> <span class='ocrx_word' id='word_1_59' title='bbox 1112 1111 1260 1153; x_wconf 86' lang='lat' dir='ltr'>huma-</span> 
     </span>
     <span class='ocr_line' id='line_1_15' title="bbox 263 1183 1260 1228; baseline 0.004 -4"><span class='ocrx_word' id='word_1_60' title='bbox 263 1183 395 1225; x_wconf 84' lang='lat' dir='ltr'>nitate</span> <span class='ocrx_word' id='word_1_61' title='bbox 417 1184 636 1225; x_wconf 77' lang='lat' dir='ltr'>Vincentii</span> <span class='ocrx_word' id='word_1_62' title='bbox 658 1183 845 1225; x_wconf 86' lang='lat' dir='ltr'>Catenae</span> <span class='ocrx_word' id='word_1_63' title='bbox 866 1183 989 1226; x_wconf 90' lang='lat' dir='ltr'>nobis</span> <span class='ocrx_word' id='word_1_64' title='bbox 1011 1199 1260 1228; x_wconf 89' lang='lat' dir='ltr'>concessum</span> 
     </span>
     <span class='ocr_line' id='line_1_16' title="bbox 263 1257 1260 1315; baseline 0.003 -17"><span class='ocrx_word' id='word_1_65' title='bbox 263 1272 372 1298; x_wconf 87' lang='lat' dir='ltr'>anno</span> <span class='ocrx_word' id='word_1_66' title='bbox 410 1257 520 1301; x_wconf 71' lang='lat'>1854</span> <span class='ocrx_word' id='word_1_67' title='bbox 550 1258 787 1300; x_wconf 74' lang='lat' dir='ltr'>Mediolani</span> <span class='ocrx_word' id='word_1_68' title='bbox 828 1258 1031 1315; x_wconf 80' lang='lat' dir='ltr'>degentes</span> <span class='ocrx_word' id='word_1_69' title='bbox 1070 1260 1152 1315; x_wconf 86' lang='lat' dir='ltr'>ipsi</span> <span class='ocrx_word' id='word_1_70' title='bbox 1189 1275 1260 1301; x_wconf 85' lang='lat' dir='ltr'>ex-</span> 
     </span>
     <span class='ocr_line' id='line_1_17' title="bbox 263 1332 486 1374; baseline 0 -2"><span class='ocrx_word' id='word_1_71' title='bbox 263 1332 486 1374; x_wconf 83' lang='lat' dir='ltr'>cussimus.</span> 
     </span>
    </p>
   </div>
   <div class='ocr_carea' id='block_1_6' title="bbox 259 1434 1260 2218">
    <p class='ocr_par' dir='ltr' id='par_1_6' title="bbox 259 1434 1260 2218">
     <span class='ocr_line' id='line_1_18' title="bbox 267 1434 1259 1491; baseline 0.003 -16"><span class='ocrx_word' id='word_1_72' title='bbox 267 1434 402 1476; x_wconf 77' lang='lat' dir='ltr'>codex</span> <span class='ocrx_word' id='word_1_73' title='bbox 432 1435 651 1477; x_wconf 85' lang='lat' dir='ltr'>Romanus</span> <span class='ocrx_word' id='word_1_74' title='bbox 692 1435 965 1478; x_wconf 85' lang='lat' dir='ltr'>Sessorianus</span> <span class='ocrx_word' id='word_1_75' title='bbox 1005 1436 1088 1480; x_wconf 76' lang='lat'>286</span> <span class='ocrx_word' id='word_1_76' title='bbox 1131 1437 1259 1491; x_wconf 86' lang='lat' dir='ltr'>(olim</span> 
     </span>
     <span class='ocr_line' id='line_1_19' title="bbox 264 1509 1259 1564; baseline 0.001 -12"><span class='ocrx_word' id='word_1_77' title='bbox 264 1510 375 1564; x_wconf 65' lang='grc'>346)</span> <span class='ocrx_word' id='word_1_78' title='bbox 416 1510 459 1551; x_wconf 90' lang='lat' dir='ltr'>in</span> <span class='ocrx_word' id='word_1_79' title='bbox 495 1509 756 1551; x_wconf 83' lang='lat' dir='ltr'>bibliotheca</span> <span class='ocrx_word' id='word_1_80' title='bbox 794 1511 1038 1552; x_wconf 86' lang='lat' dir='ltr'>monasterii</span> <span class='ocrx_word' id='word_1_81' title='bbox 1076 1510 1259 1553; x_wconf 84' lang='lat' dir='ltr'>Sanctae</span> 
     </span>
     <span class='ocr_line' id='line_1_20' title="bbox 263 1582 1259 1640; baseline 0.003 -16"><span class='ocrx_word' id='word_1_82' title='bbox 263 1582 414 1625; x_wconf 86' lang='lat' dir='ltr'>Crucis</span> <span class='ocrx_word' id='word_1_83' title='bbox 444 1584 858 1640; x_wconf 73' lang='lat' dir='ltr'>Hierosolymitanae</span> <span class='ocrx_word' id='word_1_84' title='bbox 890 1592 1144 1627; x_wconf 72' lang='lat' dir='ltr'>asservatus.</span> <span class='ocrx_word' id='word_1_85' title='bbox 1195 1593 1259 1627; x_wconf 83' lang='lat' dir='ltr'>est</span> 
     </span>
     <span class='ocr_line' id='line_1_21' title="bbox 263 1658 1260 1714; baseline 0.002 -15"><span class='ocrx_word' id='word_1_86' title='bbox 263 1658 526 1711; x_wconf 74' lang='lat' dir='ltr'>chartaceus,</span> <span class='ocrx_word' id='word_1_87' title='bbox 552 1659 710 1700; x_wconf 88' lang='lat' dir='ltr'>saeculi</span> <span class='ocrx_word' id='word_1_88' title='bbox 730 1672 794 1711; x_wconf 77' lang='lat' dir='ltr'>XV,</span> <span class='ocrx_word' id='word_1_89' title='bbox 815 1658 948 1699; x_wconf 88' lang='lat' dir='ltr'>nitide</span> <span class='ocrx_word' id='word_1_90' title='bbox 971 1659 1174 1714; x_wconf 79' lang='lat' dir='ltr'>scriptus3</span> <span class='ocrx_word' id='word_1_91' title='bbox 1195 1660 1260 1701; x_wconf 92' lang='lat' dir='ltr'>fo-</span> 
     </span>
     <span class='ocr_line' id='line_1_22' title="bbox 259 1732 1259 1787; baseline 0.004 -15"><span class='ocrx_word' id='word_1_92' title='bbox 259 1732 411 1773; x_wconf 91' lang='lat' dir='ltr'>liorum</span> <span class='ocrx_word' id='word_1_93' title='bbox 441 1732 620 1773; x_wconf 87' lang='lat' dir='ltr'>latitudo</span> <span class='ocrx_word' id='word_1_94' title='bbox 660 1739 723 1774; x_wconf 84' lang='lat' dir='ltr'>est</span> <span class='ocrx_word' id='word_1_95' title='bbox 752 1733 955 1787; x_wconf 86' lang='lat' dir='ltr'>pollicum</span> <span class='ocrx_word' id='word_1_96' title='bbox 993 1732 1131 1775; x_wconf 86' lang='lat' dir='ltr'>Rhen.</span> <span class='ocrx_word' id='word_1_97' title='bbox 1155 1737 1180 1777; x_wconf 87' lang='lat'>5</span> <span class='ocrx_word' id='word_1_98' title='bbox 1217 1741 1259 1776; x_wconf 81' lang='lat' dir='ltr'>et</span> 
     </span>
     <span class='ocr_line' id='line_1_23' title="bbox 262 1805 1259 1861; baseline 0.004 -15"><span class='ocrx_word' id='word_1_99' title='bbox 262 1806 469 1847; x_wconf 88' lang='lat' dir='ltr'>linearum</span> <span class='ocrx_word' id='word_1_100' title='bbox 494 1807 536 1858; x_wconf 64' lang='lat' dir='ltr'>ll,</span> <span class='ocrx_word' id='word_1_101' title='bbox 568 1805 748 1848; x_wconf 81' lang='lat' dir='ltr'>altitudo</span> <span class='ocrx_word' id='word_1_102' title='bbox 778 1807 980 1861; x_wconf 82' lang='lat' dir='ltr'>pollicum</span> <span class='ocrx_word' id='word_1_103' title='bbox 1003 1810 1027 1850; x_wconf 77' lang='lat'>7</span> <span class='ocrx_word' id='word_1_104' title='bbox 1061 1814 1102 1848; x_wconf 79' lang='lat' dir='ltr'>et</span> <span class='ocrx_word' id='word_1_105' title='bbox 1128 1808 1259 1850; x_wconf 89' lang='lat' dir='ltr'>linea-</span> 
     </span>
     <span class='ocr_line' id='line_1_24' title="bbox 261 1880 1258 1936; baseline 0.003 -16"><span class='ocrx_word' id='word_1_106' title='bbox 261 1895 355 1920; x_wconf 88' lang='lat' dir='ltr'>rum</span> <span class='ocrx_word' id='word_1_107' title='bbox 388 1883 426 1922; x_wconf 85' lang='lat'>5.</span> <span class='ocrx_word' id='word_1_108' title='bbox 498 1880 684 1921; x_wconf 81' lang='lat' dir='ltr'>continet</span> <span class='ocrx_word' id='word_1_109' title='bbox 721 1888 888 1935; x_wconf 88' lang='lat' dir='ltr'>praeter</span> <span class='ocrx_word' id='word_1_110' title='bbox 918 1882 1123 1936; x_wconf 86' lang='lat' dir='ltr'>opuscula</span> <span class='ocrx_word' id='word_1_111' title='bbox 1153 1883 1258 1924; x_wconf 84' lang='lat' dir='ltr'>varii</span> 
     </span>
     <span class='ocr_line' id='line_1_25' title="bbox 263 1952 1257 2011; baseline 0.005 -17"><span class='ocrx_word' id='word_1_112' title='bbox 263 1954 501 2009; x_wconf 85' lang='lat' dir='ltr'>argumenti</span> <span class='ocrx_word' id='word_1_113' title='bbox 532 1952 775 1996; x_wconf 84' lang='lat' dir='ltr'>Guidonem</span> <span class='ocrx_word' id='word_1_114' title='bbox 803 1954 901 1996; x_wconf 89' lang='lat' dir='ltr'>inde</span> <span class='ocrx_word' id='word_1_115' title='bbox 935 1971 959 1996; x_wconf 85' lang='lat' dir='ltr'>a</span> <span class='ocrx_word' id='word_1_116' title='bbox 987 1956 1144 2011; x_wconf 85' lang='lat' dir='ltr'>pagina</span> <span class='ocrx_word' id='word_1_117' title='bbox 1173 1956 1257 1999; x_wconf 75' lang='grc'>449</span> 
     </span>
     <span class='ocr_line' id='line_1_26' title="bbox 265 2028 1256 2084; baseline 0.001 -15"><span class='ocrx_word' id='word_1_118' title='bbox 265 2028 409 2070; x_wconf 77' lang='grc'>-501</span> <span class='ocrx_word' id='word_1_119' title='bbox 453 2029 493 2070; x_wconf 52' lang='lat' dir='ltr'>Z.</span> <span class='ocrx_word' id='word_1_120' title='bbox 563 2028 688 2070; x_wconf 89' lang='lat' dir='ltr'>huius</span> <span class='ocrx_word' id='word_1_121' title='bbox 730 2028 890 2070; x_wconf 87' lang='lat' dir='ltr'>codicis</span> <span class='ocrx_word' id='word_1_122' title='bbox 931 2030 1096 2084; x_wconf 87' lang='lat' dir='ltr'>copiam</span> <span class='ocrx_word' id='word_1_123' title='bbox 1134 2029 1256 2071; x_wconf 89' lang='lat' dir='ltr'>nobis</span> 
     </span>
     <span class='ocr_line' id='line_1_27' title="bbox 261 2100 1257 2158; baseline 0.004 -18"><span class='ocrx_word' id='word_1_124' title='bbox 261 2100 361 2141; x_wconf 88' lang='lat' dir='ltr'>fecit</span> <span class='ocrx_word' id='word_1_125' title='bbox 401 2100 642 2157; x_wconf 87' lang='lat' dir='ltr'>benignitas</span> <span class='ocrx_word' id='word_1_126' title='bbox 676 2101 876 2158; x_wconf 86' lang='lat' dir='ltr'>Gregorii</span> <span class='ocrx_word' id='word_1_127' title='bbox 913 2103 1121 2144; x_wconf 82' lang='lat' dir='ltr'>Bartolini</span> <span class='ocrx_word' id='word_1_128' title='bbox 1161 2118 1257 2144; x_wconf 90' lang='lat' dir='ltr'>cum</span> 
     </span>
     <span class='ocr_line' id='line_1_28' title="bbox 262 2174 1039 2218; baseline 0.004 -4"><span class='ocrx_word' id='word_1_129' title='bbox 262 2189 298 2215; x_wconf 86' lang='lat' dir='ltr'>a.</span> <span class='ocrx_word' id='word_1_130' title='bbox 336 2174 446 2218; x_wconf 70' lang='grc'>1854</span> <span class='ocrx_word' id='word_1_131' title='bbox 477 2175 639 2217; x_wconf 77' lang='lat' dir='ltr'>Romae</span> <span class='ocrx_word' id='word_1_132' title='bbox 672 2190 1039 2218; x_wconf 86' lang='lat' dir='ltr'>commoraremur.</span> 
     </span>
    </p>
   </div>
  </div>
 </body>
</html>
