1420 2437
120 170 178 199 16

143 766 160 794 m
143 697 159 724 *l
143 629 160 657 0⁸³
142 560 159 587 0¹
141 490 162 518 bb
143 420 160 448 05>
143 351 160 379 Ν)
146 282 159 309 1-4

121 902 159 931 10

120 974 158 1001 11

121 1041 159 1070 12

120 1111 159 1138 13

120 1178 160 1206 14

122 1245 159 1274 15

120 1315 158 1343 16

120 1384 158 1412 17

120 1453 159 1480 18

1167 166 1210 199 15

211 265 461 317 ostenditur,
501 265 612 306 sieut
642 265 712 305 hio
751 271 933 305 testatur
971 265 1074 305 mihi
1114 280 1210 306 san-

212 340 305 375 ctus
344 334 607 375 Athanasius
645 333 934 374 Alexandriae
984 334 1209 388 episeopus

212 402 264 444 ab
301 403 518 444 Antiocho
556 402 791 456 exquisitus
829 402 1023 457 praeside
1063 401 1209 443 dicens

215 472 494 524 „testificatur
522 472 625 513 mihi
657 478 806 512 saneta
827 472 1038 526 scriptura
1063 471 1209 511 dicens

212 540 326 594 quod
355 540 563 595 plantavit
594 539 697 581 deus
730 540 974 595 paradisum
1011 541 1054 580 in
1086 539 1210 580 Eden

211 608 266 650 ad
289 607 527 650 Orientem:
560 608 686 650 docet
718 610 829 650 enim
852 624 929 650 nos
953 609 1052 663 quia
1072 609 1115 649 in
1139 624 1210 649 ex-

210 684 346 719 trema
367 676 555 719 Orientis
576 678 707 719 totius
729 685 866 719 terrae
889 684 952 719 est
972 677 1208 733 paradisus.

215 762 342 801 quam
375 747 428 788 ob
459 762 549 787 rem
580 747 698 788 aiunt
739 746 912 800 quidam
944 746 1210 787 disertissimi

211 815 540 871 historiographi
572 815 770 869 quoniam
800 822 1024 870 propterea
1057 822 1211 856 cuncta

211 884 501 926 ambrosiiiera
523 884 759 940 gignuntur
791 885 902 925 siout
923 885 1116 940 proxima
1137 900 1211 940 pa-

209 953 340 996 radisi
378 954 521 995 existit
557 954 790 1008 provincia.
859 960 899 994 et
939 952 1211 1007 quemadmo-

211 1022 312 1064 dum
342 1023 506 1078 palmae
537 1023 716 1063 masculi
747 1023 938 1077 proxime
974 1023 1209 1063 vicinantes

209 1093 388 1133 feminas
419 1092 580 1147 palmas
612 1107 688 1146 per
726 1092 1027 1146 aspirationem
1062 1097 1211 1132 vento-

208 1177 303 1202 rum
332 1161 588 1202 fructificare
620 1160 796 1211 faciunt,
837 1161 896 1201 ita
927 1160 1127 1201 videlicet
1159 1175 1211 1201 ex

208 1229 405 1285 paradiso
434 1236 655 1270 ventorimi
685 1228 856 1270 flatibus
886 1229 1072 1285 flagrans
1099 1230 1211 1284 aspi-

211 1299 318 1339 ratio
356 1298 634 1339 vicinantium
674 1297 755 1338 sibi
803 1298 996 1339 locorum
1036 1297 1209 1339 arbores

211 1372 399 1408 aromata
430 1367 605 1422 gignere
636 1367 780 1407 facitf‘

268 1436 457 1489 Taleque
488 1435 778 1476 testimonium
810 1434 924 1489 quod
954 1435 1045 1490 ipse
1067 1435 1211 1476 existit

211 1579 228 1607 1
266 1579 405 1608 ostendit
421 1579 457 1615 A,
483 1578 683 1607 hostenditur
699 1578 738 1607 B.
765 1578 778 1606 ΙΙ
811 1578 890 1607 mihi
915 1580 1053 1613 sanctus]
1080 1578 1113 1606 in
1138 1587 1209 1606 san-

209 1625 267 1654 ctis
291 1625 375 1654 editi.
474 1626 491 1654 2
530 1626 721 1654 athanaxius
745 1625 783 1653 B.
884 1626 901 1653 3
941 1625 1117 1661 exquisivit
1142 1625 1207 1653 AB.

207 1672 220 1700 ῐΙ
237 1672 344 1701 dicens
369 1682 427 1700 om.
446 1673 482 1700 A.
580 1672 597 1701 5
637 1672 669 1700 111
694 1672 796 1707 Eden]
824 1672 946 1700 in⁰den1
971 1673 1009 1700 A.
1102 1673 1120 1700 7
1160 1676 1209 1700 10-

209 1719 275 1748 cius
299 1719 338 1747 B.
365 1719 377 1748 ΙΙ
402 1719 577 1757 paradysus
594 1720 629 1747 A.
706 1722 723 1748 ¹.)
763 1719 988 1756 istoriographi
1011 1720 1047 1754 A,
1073 1719 1211 1755 ystorio-

209 1766 320 1803 graphi
337 1766 377 1794 Β.
437 1767 477 1795 10
504 1766 728 1795 ambroxiisera
741 1766 779 1801 Β,
805 1770 982 1794 aromatum
996 1774 1111 1803 genera
1125 1765 1208 1793 edici.

209 1813 222 1840 ΙΙ
239 1816 313 1849 post
337 1813 509 1850 gignuntur
526 1813 601 1841 editi
618 1813 738 1841 addunt
755 1814 787 1841 in
804 1812 907 1849 Magis
926 1811 1132 1840 orientalibus
1149 1812 1209 1840 hoc

209 1862 257 1887 est
280 1859 398 1888 Indicis
421 1859 575 1897 partibus,
601 1864 724 1896 sumpta
750 1869 785 1888 ex
800 1860 926 1897 graecis
942 1858 1108 1887 Athanasii
1134 1861 1209 1902 περὶ

209 1904 257 1937 τοὶ
273 1902 549 1949 ἀνατολικώτερα
562 1903 666 1947 ἤγουν
680 1908 727 1938 τοὶ
740 1902 867 1938 Ἰνδικά
883 1906 978 1948 μέρη,
996 1905 1113 1934 ΑΐῘιαΉ·
1133 1904 1210 1942 Ope-

208 1962 278 1981 rum
290 1952 467 1989 Ilp.22821
482 1953 608 1981 Patavii
624 1953 714 1981 1777
725 1951 793 1990 fol.
825 1953 836 1980 Η
865 1952 958 1980 sicuti
972 1953 1008 1980 A.
1071 1952 1110 1980 11
1137 1961 1210 1990 pro-

208 2000 311 2028 uintia
325 2000 364 2028 B.
431 1999 471 2027 12
503 1998 635 2028 masculi
652 2000 808 2036 proxime]
827 1999 959 2027 maximi
977 2000 1125 2036 proxima
1141 1999 1208 2027 AB.

213 2047 253 2075 13
290 2046 411 2084 palmas
436 2048 545 2075 om.A.
572 2046 583 2074 Η
611 2046 858 2083 adspirationem
886 2045 982 2074 Gron.
998 2046 1029 2074 2.
1086 2046 1128 2074 14
1163 2046 1210 2074 fa-

211 2094 307 2129 ciunt]
333 2094 478 2122 nesciunt
493 2094 529 2122 A.
624 2094 663 2122 15
703 2093 849 2130 flagrans]
867 2102 908 2121 an
925 2090 1090 2130 fragrans?
1115 2093 1126 2121 ΙΙ
1155 2093 1208 2121 ad-

210 2140 340 2178 spiratio
368 2140 464 2169 Gron.
473 2140 504 2168 2.
579 2141 618 2169 17
646 2140 767 2169 faciunt
779 2140 808 2168 B
821 2140 905 2169 editi.
981 2140 1020 2168 18
1049 2139 1158 2169 extitit
1171 2140 1208 2168 A.
