1420 2437
120 176 227 197 vao
257 168 271 196 1
280 167 320 196 22
1141 162 1209 197 549

141 282 161 861 oeoeqfflwss—wlx‘jvd

119 902 136 1550 ›-·›-*›-=›-·»-=›-³0-=›-a»-›-·

141 902 162 1549 eooeqmwunoewp-AQ

210 280 304 305 rum
338 270 520 319 tangens
551 263 800 318 Aegyptum
838 263 1092 304 inferiorem.
1154 262 1209 304 ad

209 333 392 374 frontem
430 347 531 373 vero
571 331 760 374 eiusdem
790 332 1045 387 Aethiopiae
1081 331 1207 373 habet

209 402 315 444 fines
346 401 583 457 pergrande
614 401 783 443 Nitriae
814 417 1014 454 eremum⁷
1056 400 1209 443 deinde

210 470 474 527 praedictam
511 471 782 526 Aegyptum„
823 485 930 524 quae
969 486 1013 512 se
1053 471 1210 526 spatio-

209 541 374 583 sissime
397 539 613 582 dilatando
635 554 769 594 usque
798 539 853 580 ad
873 555 987 581 mare
1009 555 1210 596 magnum

212 608 469 651 extenditur.

238 677 336 723 122.
382 678 532 719 Africa
551 677 681 719 habet
701 677 807 719 fines
831 678 883 720 ab
906 679 1066 720 oriente
1088 694 1209 733 prae-

207 748 338 790 latam
367 747 573 789 Arabiam
603 754 645 788 et
675 748 893 803 regionem
923 749 1050 790 maris
1072 748 1210 790 Rubri

212 824 253 858 et
271 833 323 858 ex
338 822 458 872 parte
474 816 691 872 regionem
706 815 1015 858 Hebraeorum.
1056 816 1209 858 deinde

209 885 264 927 ad
284 901 397 927 mare
420 901 621 941 magnum
640 886 892 926 terminatur
917 885 972 926 ad
994 886 1210 927 civitatem

211 970 318 1010 quae
350 961 529 996 vocatur
549 954 858 1007 Rinoeuroren‚
890 970 996 1009 quae
1026 956 1211 1011 pertinet-

211 1023 266 1065 ad
310 1024 490 1079 patriam
533 1024 737 1080 Aegypti.
807 1023 861 1064 ad
901 1030 1065 1079 partem
1109 1039 1210 1066 vero

210 1093 584 1148 septentrionalem
629 1091 758 1134 habet
798 1092 926 1134 finem
966 1108 1081 1134 mare
1122 1108 1210 1134 ma-

209 1177 355 1218 gnum,
387 1162 506 1203 ouius
536 1162 662 1203 litora
689 1161 944 1217 navigantur
972 1177 1048 1217 per
1077 1167 1210 1203 totam

209 1231 459 1287 Aegyptum
497 1236 539 1272 et
572 1230 877 1272 Mauritaniam
908 1228 1210 1286 Cyrenensem,

210 1299 404 1341 Africam
442 1306 567 1353 atque
599 1298 868 1352 Numidiam,
905 1299 1209 1341 Mauritaniam

211 1366 546 1420 Caesariensem,
578 1368 852 1423 Tingitanam
884 1383 1052 1423 quoque
1083 1368 1210 1410 Mau-

210 1437 420 1490 ritaniam,
456 1437 665 1490 simulque
695 1436 999 1478 Mauritaniam
1031 1435 1209 1479 Gadita-

210 1521 308 1547 nam
338 1521 473 1560 usque
502 1504 557 1546 ad.
586 1506 753 1561 saepius
774 1506 1036 1547 nominatum
1055 1507 1208 1548 fretum

258 1656 378 1685 codices
402 1655 466 1694 lafv.
517 1654 561 1695 cf.
579 1656 656 1685 Rav.
677 1657 745 1686 116
770 1656 815 1685 12
833 1666 879 1694 sq.
905 1661 935 1685 et
960 1656 1027 1686 165
1054 1656 1095 1684 11
1115 1665 1160 1694 sq.

215 1730 229 1757 1
269 1729 412 1766 egiptum
437 1727 470 1767 f.
569 1729 588 1758 2
626 1730 766 1768 ethiopie
790 1728 824 1768 f.
921 1731 938 1758 3
977 1730 1138 1758 heremum
1154 1727 1208 1767 fv.

212 1777 232 1804 4
269 1775 433 1812 praedicta
457 1775 503 1805 bv.
553 1776 565 1805 ΙΙ
612 1777 754 1814 egiptum
772 1776 805 1815 f.
847 1776 859 1805 Η
905 1776 1136 1814 speciosissime
1162 1775 1207 1815 bf.

212 1822 230 1851 5
269 1821 443 1851 dinatando
470 1833 497 1851 v.
589 1823 607 1852 7
644 1827 716 1852 ante
745 1824 854 1852 Africa
886 1833 902 1852 v
933 1823 1026 1851 habet
1057 1823 1209 1852 terminus

211 1869 295 1898 asiae
320 1872 351 1897 et
376 1878 522 1907 europae.
561 1869 573 1898 ΙΙ
607 1870 703 1899 africe
731 1870 757 1899 h.
832 1871 851 1899 8
881 1871 898 1898 9
936 1870 1208 1907 maris-regio-

209 1925 281 1945 nem
306 1925 364 1945 om.
390 1925 419 1944 v.
493 1917 531 1945 11
571 1916 800 1953 Rinocuroren]
827 1917 1037 1946 rinocuronEn
1063 1916 1090 1953 b,
1122 1918 1209 1946 nico-

209 1971 311 1991 uronu
335 1972 362 1991 v.
439 1962 478 1991 12
516 1963 615 2001 egipti
639 1962 673 2001 f.
749 1965 791 1993 14
819 1963 927 1993 littora
943 1962 996 2002 fr.
1073 1964 1112 1992 15
1145 1964 1209 2002 egi-

209 2007 343 2047 ptumf.
381 2008 393 2037 ΙΙ
428 2009 618 2039 cirenensem
637 2009 682 2048 bf.
770 2012 811 2040 16
846 2011 986 2040 affricam
1010 2009 1044 2048 f.
1082 2011 1094 2039 Η
1134 2015 1210 2048 post

209 2056 392 2085 Numidiam
417 2058 550 2093 spatium
573 2066 701 2086 vacuum
728 2057 755 2087 b.
858 2059 898 2087 17
939 2058 1145 2087 eesoriensem
1173 2057 1207 2097 f.

210 2103 222 2131 1!
239 2103 473 2139 Mauritaniam]
509 2104 701 2134 maritimam
734 2114 760 2134 v.
868 2105 908 2134 18
945 2105 1145 2134 maritaniam
1173 2104 1207 2144 f,

212 2150 419 2179 mauritanam
457 2150 484 2179 b.
