1420 2437
141 178 222 207 116

140 1598 180 1625 20

1185 176 1231 224 37

234 275 321 315 exit
352 274 403 315 de
434 275 540 315 mari
571 290 724 330 magno
754 274 936 315 Pontico
967 274 1009 314 in
1041 274 1234 330 Propon-

233 342 335 384 tida.
427 343 655 398 Aethiopia
707 350 847 384 autem
894 343 1066 398 ponitur
1120 344 1234 384 circa

234 410 398 453 Oceani
428 412 541 453 litus.
605 427 711 466 quae
732 412 949 467 Bithynia,
981 412 1047 452 vel
1080 412 1115 453 si
1146 427 1234 454 me-

234 480 304 521 dio
336 481 562 536 propositis
595 480 737 521 inultis
770 480 939 521 milibus
973 481 1135 535 spatiis,
1170 488 1234 522 ta-

232 565 329 590 men
369 556 486 590 recto
526 549 675 590 itinere
716 549 769 590 ad
801 549 1005 590 Arabiam
1045 550 1232 604 respicit.

233 624 275 658 et
305 619 372 659 vel
405 634 429 659 a
459 619 647 673 sapiente
668 618 828 659 viatore
851 618 1017 671 doctus,
1050 634 1074 659 o
1096 618 1234 672 inqui-

233 688 350 739 sitor,
390 686 513 728 crede
555 686 669 741 quod
708 692 864 740 quanto
903 687 1038 743 magis
1079 692 1143 728 est
1171 686 1234 728 di-

233 756 439 798 latissima
470 756 576 796 Asia
620 771 744 810 quam
785 771 912 810 supra
953 756 1113 810 scripta
1146 755 1235 796 Eu-

233 840 350 879 ropa,
384 831 425 866 et
455 831 558 865 tunc
591 824 877 865 animadverte
911 823 1024 878 quod
1056 840 1081 864 a
1111 823 1234 865 nobis

233 892 404 934 Christo
445 893 672 934 auxiliante
713 894 934 934 universae
971 893 1132 948 patriae
1163 907 1235 933 ve-

230 963 387 1003 raciter
419 961 664 1017 designatae
697 968 809 1003 sunt.

277 1029 343 1088 17,
404 1030 498 1072 Nos
531 1030 710 1085 denique
739 1031 934 1071 volumus
958 1029 1130 1071 Christo
1159 1046 1234 1071 no-

230 1099 296 1141 bis
329 1100 557 1140 auxiliante
589 1100 791 1155 plurimas
834 1100 1026 1141 civitates
1058 1100 1125 1140 vel
1157 1099 1235 1141 flu-

231 1169 345 1209 mina
375 1175 462 1209 tam
495 1169 608 1209 circa
638 1169 738 1210 litus
771 1175 952 1222 quatuor
976 1169 1234 1224 principales

233 1237 365 1278 collos
398 1238 524 1278 maris
558 1237 794 1293 designare,
826 1237 870 1278 id
903 1243 967 1278 est

289 1306 480 1346 Primum
513 1307 669 1347 colfum
700 1307 969 1359 orientalem,
1007 1307 1079 1360 qui
1110 1307 1235 1348 remi-

233 1380 359 1430 gatur
389 1375 507 1415 iuxta
537 1375 637 1416 litus
669 1376 796 1416 maris
823 1375 875 1416 ab
898 1375 1161 1416 Alexandria
1192 1382 1234 1416 et

232 1443 349 1498 Tyro
382 1449 423 1484 et.
455 1442 613 1485 Sidone
645 1459 778 1498 usque
800 1443 1021 1497 Laodicia,
1052 1444 1126 1485 ubi
1156 1444 1235 1485 flu-

231 1513 325 1553 vius
359 1510 547 1554 Orientis
581 1513 651 1566 qui
681 1514 797 1553 venit
830 1512 881 1553 de
914 1512 1039 1568 Syria
1069 1529 1145 1568 per
1177 1514 1235 1554 ci-

231 1581 406 1622 vitatem
448 1581 707 1622 Arethusam
745 1582 788 1622 in
828 1597 942 1622 mare
982 1581 1235 1638 ingreditur,

233 1650 375 1705 girans
415 1651 506 1705 ipse
546 1651 791 1691 orientalem
826 1651 981 1691 colfum
1013 1666 1146 1705 usque
1180 1651 1234 1692 ad

231 1709 462 1773 Ephesum.

291 1785 537 1828 Secundum
579 1788 734 1828 colfum
766 1787 1018 1839 Ponticum,
1060 1789 1133 1841 qui
1169 1804 1235 1829 re-

235 1871 252 1898 3
292 1870 408 1899 bitinia
438 1871 476 1898 B.
573 1871 593 1899 4
631 1873 819 1909 praepositis
851 1872 889 1900 Β.
997 1872 1037 1900 14
1075 1873 1234 1911 principa-

232 1916 276 1945 lia
302 1916 420 1945 colfora
445 1917 473 1945 B
498 1917 582 1946 editi.
659 1919 698 1946 16
738 1918 855 1947 colfum
882 1928 940 1947 om.
967 1919 1003 1947 A.
1089 1920 1127 1947 17
1168 1929 1234 1949 ma-

233 1963 274 1992 ris
312 1972 368 1991 om.
410 1963 494 1992 editi.
618 1965 657 1993 18
697 1965 816 2002 sydone
854 1965 892 1993 B.
935 1965 947 1993 u
994 1975 1093 2003 usquc
1119 1967 1159 1995 ad
1195 1968 1233 1996 A.

233 2011 245 2039 n
262 2009 396 2038 laoditia
421 2010 449 2038 Β
474 2010 556 2038 editi.
681 2012 720 2039 19
761 2011 890 2041 Orontis
923 2011 997 2041 edita·
1024 2022 1059 2041 eac
1092 2014 1233 2042 emenda-

235 2058 314 2085 tione
345 2056 564 2086 Porclaerom’s.
603 2056 646 2095 cf.
678 2058 712 2086 II
744 2059 799 2087 15.
898 2060 939 2088 20
979 2060 1163 2089 arechusam
1192 2061 1231 2097 B,

232 2104 389 2132 Arethusa
414 2105 486 2132 Aut.
573 2105 612 2132 21
653 2113 769 2143 gyrans
795 2105 879 2135 editi.
970 2106 1011 2135 ‘22
1050 2108 1170 2136 efesum
1194 2109 1232 2136 A.

235 2152 251 2179 2
259 2152 276 2179 3
315 2150 440 2180 collium
465 2151 502 2179 A.
