1420 2437
212 181 281 215 296

242 297 257 325 1

242 364 259 393 2

243 434 260 463 3

243 504 262 531 4

244 571 261 600 5

245 641 262 668 6

245 711 262 739 7

246 778 264 806 8

247 846 265 874 9

226 916 266 944 10

226 984 266 1012 11

228 1053 267 1081 12

227 1122 268 1150 13

228 1192 269 1221 14

229 1260 269 1289 15

230 1330 270 1358 16

232 1398 271 1426 17

233 1466 272 1495 18

234 1536 272 1564 19

1186 176 1231 207 IV
1256 177 1298 206 40

367 279 451 321 Per
472 294 597 333 quam
618 276 855 318 Britaniam
874 276 1055 330 plurima
1082 280 1304 315 transeunt

313 349 501 400 flumina,
533 347 645 388 inter
677 350 818 386 cetera
836 343 881 385 id
902 350 967 385 est
986 343 1180 400 Sigugna
1198 343 1305 395 Boo,

312 418 383 472 qui
414 417 458 458 in
490 415 712 458 Oceanum
742 412 992 469 ingreditur.

355 485 426 529 40.
485 485 647 526 Iterum
661 484 781 524 iuxta
794 483 930 537 ipsam
944 482 1179 523 Britaniam
1196 481 1309 522 circa

316 554 492 596 limbum
525 551 688 595 Oceani
724 552 895 607 ponitur
932 551 1070 607 patria
1104 565 1211 604 quae
1247 548 1309 590 di-

315 624 425 664 citur
456 621 716 673 Guasconia,
747 636 855 674 quae
886 620 939 674 ab
970 619 1154 674 antiquis
1174 619 1310 672 Aqui-

313 693 432 734 tania
461 691 695 733 dicebatur.
756 704 881 744 quam
902 688 1190 731 Guasconiam
1218 688 1312 744 plu-

314 761 411 802 rimi
443 760 759 815 descripserunt
787 758 1044 814 philosophi,
1074 773 1126 799 ex
1157 755 1310 812 quibus

316 845 395 886 ego
426 830 511 886 legi
532 829 897 885 praenominatum
917 826 1155 868 Anaridum
1177 832 1219 867 et
1238 825 1312 867 El-

317 898 546 940 debaldum
587 897 828 940 Gothorum
870 895 1159 951 philosophos.
1237 894 1312 936 sed

316 984 401 1010 non
441 968 674 1022 aequaliter
711 966 947 1021 praefatam
984 964 1313 1020 designaverunt

317 1037 512 1092 patriam.
583 1035 659 1078 sed
698 1050 778 1091 ego
815 1033 1049 1076 secundum
1077 1034 1314 1088 praefatum

317 1104 558 1146 Anariclum
590 1120 718 1160 supra
749 1104 932 1158 scriptae
954 1102 1224 1145 Guasconiae
1257 1102 1315 1142 ci—

318 1174 472 1215 vitates
495 1181 537 1216 et
557 1173 731 1215 flumina
751 1172 983 1228 designavi.
1035 1186 1161 1225 quam
1181 1171 1317 1224 Aqui-

319 1243 479 1284 taniam
518 1243 600 1298 ipsi
639 1241 881 1297 philosophi
919 1241 1097 1282 multum
1135 1240 1316 1280 fertilem

321 1326 413 1353 esse
444 1311 643 1352 dixerunt
672 1312 716 1352 in
737 1309 931 1352 omnibus
951 1308 1220 1351 victualibus.
1272 1309 1315 1349 in

323 1395 406 1434 qua
437 1379 686 1422 Guasconia
723 1380 927 1435 plurimas
963 1379 1093 1420 fuisse
1125 1378 1316 1419 civitates

322 1450 518 1505 legimus,
556 1465 607 1491 ex
639 1449 792 1503 quibus
832 1449 1070 1502 aliquantas
1101 1447 1316 1488 nominare

321 1519 532 1571 volumus⁷
562 1518 606 1560 id
637 1525 701 1560 est

328 1647 342 1674 1
366 1649 442 1682 post
467 1648 630 1674 transeunt
656 1644 730 1673 editi
754 1647 898 1681 repetunt
914 1641 1060 1679 plurima.
1123 1642 1140 1670 2
1168 1640 1318 1679 Sigugna]

323 1692 488 1729 sigi-igna
513 1692 550 1727 A,
577 1692 711 1729 sigugna
732 1691 778 1726 Β;
804 1689 982 1727 Sequanam
1008 1697 1071 1717 esse
1096 1687 1260 1727 collegeris
1286 1697 1321 1716 ea:

329 1738 448 1767 Tabula
471 1739 559 1767 Ρῶμε.
657 1739 675 1767 3
715 1746 850 1767 occeano
879 1736 910 1766 C.
948 1736 959 1764 ΙΙ
990 1739 1065 1772 post
1095 1736 1269 1773 ingreditur
1292 1735 1321 1763 B

324 1785 398 1814 adel.
424 1794 480 1821 XX,
511 1784 534 1814 C'
557 1785 630 1814 add.
657 1785 694 1813 de
720 1784 893 1823 guasconia
919 1792 977 1820 que
1004 1783 1042 1811 ab
1070 1782 1208 1820 antiquis
1233 1782 1321 1818 aqui-

324 1832 412 1862 tania
429 1832 601 1861 dicebatur.
653 1832 670 1862 5
698 1831 827 1861 occeani
847 1830 877 1866 G,
904 1839 1055 1859 oceanum
1074 1829 1140 1858 AB.
1198 1830 1215 1858 6
1244 1827 1321 1857 Gas-

326 1880 450 1908 coniam
478 1879 573 1908 Groui.
593 1879 624 1908 2.
713 1879 729 1907 9
767 1878 959 1908 aitharidum
985 1876 1021 1912 A,
1048 1876 1268 1905 athanaridum
1293 1875 1322 1903 B

326 1926 411 1955 editi.
449 1926 460 1954 ΙΙ
496 1930 527 1955 et
551 1925 766 1955 Eldebaldum
791 1935 848 1954 om.
875 1925 931 1953 AB
956 1923 1040 1952 edici.
1117 1924 1156 1952 10
1194 1922 1322 1960 gottho—

326 1983 394 2002 rum
425 1972 486 2002 Ac.
524 1973 536 2002 ΙΙ
569 1973 796 2010 philosophum
826 1972 882 2000 AB
908 1971 991 1999 editi.
1102 1971 1141 1999 13
1181 1970 1322 1998 aithana·

326 2021 429 2049 ridum
460 2020 504 2055 Β,
554 2020 776 2049 athanaridum
808 2020 834 2047 A
866 2018 948 2047 editi.
1023 2017 1035 2045 Ι]
1101 2016 1247 2054 gasconie
1286 2016 1319 2043 A.

331 2068 370 2095 14
398 2069 440 2102 et]
464 2066 515 2095 vel
532 2067 589 2095 AB
607 2067 691 2096 editi.
766 2067 805 2095 16
832 2065 989 2094 vittualiis
1006 2064 1045 2100 B,
1063 2062 1222 2092 victualiis
1238 2061 1321 2090 editi.

331 2114 370 2142 17
410 2116 489 2150 qua]
515 2114 585 2151 ipsa
611 2113 642 2143 C'.
680 2113 692 2142 ΙΙ
727 2113 878 2151 gasconia
901 2113 938 2141 A.
1020 2111 1059 2139 18
1092 2113 1167 2147 post
1189 2109 1323 2147 legimus

328 2160 353 2187 A
378 2160 468 2188 addit
492 2160 554 2189 ide.
