1425 2462
170 233 209 258 Vl
610 234 808 255 PRAEFATIO.

227 327 278 369 In
311 343 393 382 qua
425 328 689 379 conficienda
728 328 885 369 auxilio
926 326 1048 368 nobis
1078 328 1249 369 fuerunt

171 405 205 443 Α
261 402 395 444 codex
427 402 686 454 Vaticanus,
731 401 920 444 Urbinas
955 402 1053 453 961,
1094 402 1253 443 saeculi

256 490 344 529 xm,
384 475 754 529 membranaceus,
794 476 906 517 foliis
946 476 1043 517 latis
1075 475 1252 530 pollices

259 550 396 592 Rhen.
417 550 457 602 6,
479 550 611 591 lineas
630 551 670 603 7,
692 550 788 591 altis
806 550 980 605 pollices
1000 550 1039 601 9,
1060 549 1193 591 lineas
1213 550 1251 593 6.

257 625 437 680 paginae
459 630 556 665 sunt
578 623 817 678 bipertitae,
848 639 1048 665 versuum
1074 624 1149 673 293
1183 638 1252 665 co-

255 699 492 739 lumnarum
513 697 695 739 latitudo
718 705 782 739 est
797 698 999 752 pollicum
1013 699 1040 740 4
1062 704 1103 738 et
1122 698 1252 739 linea-

257 788 349 812 rum
383 773 423 823 2,
455 770 634 812 altitudo
665 772 868 826 pollicum
901 772 938 814 6.
1007 771 1253 812 inscribitur

260 846 341 897 „In
382 845 461 886 hoc
503 860 676 900 corpore
710 845 950 886 continetur
983 845 1252 902 chosmogra-

256 919 370 974 phya
421 925 479 971 et·
510 933 779 960 romanorum
830 919 1031 974 ystoria.“
1107 920 1251 961 insunt

256 999 423 1048 praeter
462 992 756 1034 Ravennatem
801 993 1003 1034 nonnulla
1041 993 1251 1049 Eutropii,

255 1067 377 1108 Pauli
416 1067 622 1119 Diaconi,
665 1067 863 1117 aliorum3
911 1067 1040 1108 series
1081 1068 1252 1122 pontifi-

261 1156 357 1182 cum
388 1140 677 1182 Romanorum
709 1147 788 1182 etc.

225 1214 366 1256 Huius
408 1215 566 1256 codicis
605 1216 743 1256 varias
783 1215 987 1257 lectiones
1023 1216 1067 1257 in
1099 1216 1250 1272 viginti

169 1288 334 1330 duabus
355 1289 522 1344 paginis
546 1289 806 1344 conscriptas
828 1290 953 1331 tertio
972 1288 1251 1346 Geographo-

168 1379 261 1404 rum
275 1363 479 1404 volumini
495 1363 672 1404 inseruit
696 1362 877 1404 Ioannes
899 1363 1068 1405 Hudso.
1111 1364 1248 1406 denuo

168 1451 264 1479 cum
287 1436 470 1478 editione
489 1436 635 1478 Iacobi
657 1435 865 1478 Gronovii
885 1445 1080 1479 accmate
1102 1446 1250 1480 contu-

168 1512 215 1552 lit
245 1511 460 1552 Henricus
483 1510 632 1552 Brunn
662 1526 772 1552 anno
807 1511 938 1562 18:303
973 1513 1092 1554 cuius
1121 1513 1249 1554 colla-

167 1586 295 1627 tionis
316 1600 440 1626 usum
467 1584 590 1626 nobis
611 1584 807 1639 praebuit
827 1585 1064 1628 Mauricius
1085 1586 1247 1641 Haupt.

168 1658 468 1711 dubitationes,
501 1673 607 1712 quae
629 1658 861 1712 restabant,
893 1675 1002 1701 anno
1030 1660 1141 1704 1854
1161 1660 1249 1702 Ro-

167 1748 259 1774 mae
292 1732 494 1789 degentes
516 1733 597 1788 ipsi
617 1733 810 1787 inspecto
834 1733 979 1775 codice
1002 1734 1218 1776 solvimus.

223 1806 267 1849 Is
301 1806 435 1848 codex
466 1806 600 1848 nitide
631 1807 814 1862 scriptus
846 1815 887 1849 et
919 1809 1075 1863 optime
1108 1824 1248 1850 serva-

168 1886 236 1921 tus
277 1880 527 1936 compendia
571 1881 775 1923 nonnulla
818 1882 1054 1924 litterarum
1096 1883 1245 1933 habet3

170 1954 212 1993 in
254 1955 557 2010 orthographia
596 1955 678 1997 sibi
717 1971 802 1997 non
842 1963 1030 1998 constat:
1078 1957 1248 1999 exhibet

169 2028 280 2067 euim
319 2028 465 2070 affrica
497 2035 538 2070 et
576 2030 730 2083 africa,
769 2031 937 2086 egiptus
970 2038 1011 2073 et
1049 2036 1246 2087 egyptus,

168 2100 390 2155 paradisus
423 2109 463 2143 et
494 2103 754 2159 paradysus,
793 2105 894 2146 litus
927 2111 968 2145 et
998 2105 1140 2156 littus,
1172 2103 1246 2146 ad-

167 2173 367 2215 scribitur
399 2183 437 2215 et
471 2177 711 2230 ascribitur,
742 2178 824 2220 alia
854 2177 1109 2220 huiusmodi.
