1420 2437
198 156 266 190 384

201 886 212 912 1

226 272 236 297 1

225 339 241 365 2

223 407 240 434 3

224 476 242 502 4

225 544 241 571 5

224 612 254 639 ὅμ

224 682 241 709 7

223 753 240 780 8

223 823 239 849 9

223 886 239 912 0

201 956 234 982 11

201 1025 239 1052 1⁶2

201 1096 240 1123 13

1185 158 1280 189 V15

335 253 402 298 15.
472 254 586 297 Ecce
625 262 760 297 totum
812 269 925 296 mare
964 270 1164 311 magnum
1205 255 1283 296 oir-

293 331 539 365 cumeuntes
580 324 774 366 civitates
823 325 937 366 circa
981 324 1114 379 ipsius
1160 323 1285 364 litora

291 393 466 447 positas,
498 393 564 433 vel
596 393 832 446 aliquantas
865 408 1042 447 quarum
1072 392 1285 432 territoria

293 475 426 514 usque
473 460 527 502 ad
566 476 693 517 supra
731 462 934 517 seriptum
973 475 1087 502 mare
1125 460 1284 515 pertin-

293 537 400 585 gunt
432 537 473 572 et
502 531 622 572 iuxta
651 532 790 585 ipsum
820 531 1007 572 reiacent
1044 544 1129 570 non
1156 529 1282 584 longe

293 598 406 652 quod
438 598 671 654 discrepet7
712 599 913 640 minutius
953 597 1282 654 designavimus,

293 675 334 708 et
374 675 473 709 sunt
513 668 638 709 simul
678 669 720 708 in
759 683 889 708 unum
927 668 1119 708 civitates
1150 665 1284 706 octin-

291 744 444 793 gentae
474 737 782 792 quinquaginta
801 735 900 788 duo,
933 742 974 777 et
1001 740 1284 790 supputantur

292 819 372 847 xlm
389 806 502 847 mille
524 806 703 847 milia-ria
723 811 764 846 et
786 817 935 846 066060
959 811 1000 846 et
1019 817 1071 845 xx
1091 803 1282 844 miliaria.

348 875 506 916 Nullus
538 880 677 915 autem
709 874 902 915 aestimet
933 872 1047 928 quod
1066 887 1142 927 per
1162 873 1283 928 igno-

291 944 471 984 rantiam
512 958 640 998 supra
678 944 858 997 scriptas
902 942 1060 997 patrias
1098 941 1283 995 recipro-

293 1011 485 1053 cabiliter
501 1018 574 1052 aut
588 1011 698 1052 inter
711 1012 938 1052 varietates
955 1010 1282 1066 designavimus,

291 1080 391 1121 dum
414 1079 667 1134 quandoque
688 1081 806 1121 iuxta
827 1078 1063 1131 Oceanum,
1094 1077 1282 1132 quando-

290 1252 307 1280 2
347 1251 415 1288 ipsa
440 1251 497 1279 AB
522 1250 606 1279 edztz'.
643 1251 654 1279 ll
690 1250 798 1279 littora
823 1249 885 1279 BC.
984 1251 1002 1278 3
1042 1250 1163 1287 positae
1194 1249 1278 1277 editi.

289 1298 369 1326 llvel
406 1307 463 1325 om.
494 1296 523 1325 C.
574 1298 584 1325 Η
643 1297 838 1334 aliquantas]
871 1296 1104 1333 aliquantarum
1136 1297 1164 1325 Β
1195 1295 1278 1324 editi.

290 1346 300 1373 ,¹3
316 1349 387 1381 post
413 1353 544 1381 quarum
571 1345 598 1372 B
624 1345 698 1373 editi
716 1343 833 1372 addunt
850 1344 1025 1372 ciuitatum.
1097 1344 1113 1372 5
1142 1347 1172 1371 et
1189 1343 1280 1372 iuxta

290 1409 332 1412 —
349 1393 366 1420 6
394 1392 550 1428 discrepet
568 1401 625 1420 om.
639 1392 696 1420 AB
714 1391 797 1420 edici.
858 1392 875 1419 6
902 1390 1037 1419 mincius
1054 1390 1093 1419 B.
1144 1391 1161 1418 7
1188 1389 1280 1419 simul

290 1439 321 1467 in
339 1447 435 1467 unum
461 1447 519 1466 om.
538 1438 567 1466 B
583 1438 668 1467 editi.
706 1438 718 1467 Η
753 1438 898 1466 civitates
915 1447 974 1466 om.
991 1436 1021 1466 C.
1089 1438 1106 1466 7
1135 1438 1152 1465 8
1180 1437 1279 1465 octin-

289 1490 401 1523 gentae
420 1485 649 1523 quinquaginta
668 1486 746 1521 duo]
771 1493 906 1513 summae
931 1484 968 1513 ab
995 1488 1122 1513 auctore
1139 1485 1169 1512 in
1195 1482 1280 1512 calce

289 1534 424 1569 capitum
446 1534 568 1569 positae
592 1531 733 1571 efficiunt
750 1532 826 1568 848,
853 1531 908 1560 secl
927 1540 1071 1560 numerus
1086 1529 1278 1569 singularum

288 1579 407 1608 urbium
427 1583 472 1607 est
492 1580 569 1607 837.
645 1581 661 1607 7
701 1579 893 1617 octingintae
911 1578 995 1607 editi.
1068 1579 1086 1607 8
1126 1578 1280 1615 quinqua-

288 1627 378 1663 ginta
403 1627 482 1661 duo]
509 1632 540 1655 et
564 1635 609 1655 Lu
637 1625 666 1655 C.
742 1627 759 1655 8
799 1630 830 1654 et
855 1629 1065 1663 supputantur
1089 1634 1147 1653 om.
1165 1623 1277 1653 Porclz.

291 1675 308 1702 9
347 1681 419 1702 x1111
437 1672 521 1701 mille
539 1673 674 1702 miliaria
691 1677 722 1702 et
740 1681 872 1702 cccccc
891 1676 921 1701 et
937 1681 984 1701 xx
1002 1671 1152 1707 miliaria}
1177 1672 1222 1700 sic
1248 1669 1277 1704 C,

287 1721 372 1748 ratio
408 1724 544 1755 consum·
582 1720 717 1749 miliaria
745 1719 895 1749 tredecim
933 1722 1093 1753 (trecenta
1115 1718 1160 1751 A)
1193 1717 1279 1746 milia

290 1767 425 1795 ducenta
461 1767 634 1805 nonaginta
671 1770 741 1795 octo
779 1766 836 1794 AB
867 1766 956 1801 edm,-
988 1764 1031 1804 cf.
1059 1765 1226 1794 Guidonem
1251 1768 1279 1792 ec

289 1817 462 1850 computum
492 1815 522 1842 m
545 1816 667 1852 payz'na
695 1815 840 1851 sequenti.
902 1814 913 1841 ll
966 1816 1041 1850 post
1068 1820 1115 1841 xx
1143 1811 1278 1840 miliaria

293 1859 315 1889 C
329 1861 402 1889 add.
428 1866 501 1889 sunt
525 1861 631 1898 itaque
650 1861 681 1889 in
699 1870 794 1889 unum
813 1861 959 1889 civitates
977 1860 1058 1888 cirea
1074 1858 1169 1887 litora
1185 1858 1277 1887 maris

289 1917 307 1935 a
338 1908 430 1936 nobis
469 1908 648 1945 designatas
685 1915 886 1943 ccc,ccc7cc
920 1911 951 1936 et
980 1915 1038 1942 LII,
1083 1910 1114 1934 et
1145 1904 1278 1934 miliaria

288 1958 510 1991 supputantur,
538 1960 572 1983 ut
591 1955 738 1989 diximus,
757 1964 811 1991 per
829 1953 1066 1991 quatuordecim
1082 1953 1167 1981 vices
1186 1950 1277 1985 „mil-

287 2001 399 2029 liaria“
427 2000 512 2029 mille
538 2002 694 2029 adiunctis
719 2002 812 2030 etiam
838 2001 898 2029 hiis
922 2000 1109 2029 milliaribus
1134 2006 1197 2027 ccc
1212 2006 1275 2026 ccc

288 2053 319 2076 et
343 2057 400 2076 xx.
450 2047 600 2086 prologus
625 2048 763 2077 auctoris
789 2049 829 2076 ad
853 2047 1100 2077 confirmandum
1117 2045 1275 2083 portiones

287 2097 350 2123 tres
376 2094 502 2131 equales
525 2104 601 2123 esse.
678 2096 716 2123 10
744 2097 863 2130 autem]
889 2095 970 2123 enirn
996 2093 1053 2121 AB
1077 2092 1161 2120 editi.
1188 2091 1199 2118 ll
1222 2100 1276 2120 ex-

289 2142 395 2169 stimet
414 2142 447 2170 Α,
474 2143 606 2170 extimet
626 2141 656 2170 ζ’.
695 2142 706 2169 11
742 2142 953 2175 ignoranciam
984 2138 1044 2168 BC.
