1420 2437
69 174 95 203 v
123 175 161 203 17
1088 174 1157 208 389

91 286 112 865 Ψωκῐωῦῒιῢῡῦιῦμ

71 908 87 1555 μι-ιι-ιι-ιν-*ι-ιο-ιν-ιι-ιμ

92 907 113 1555 ΨωῆΦΟῑὺῦὶωῑῦΡ-*Φ

160 278 372 312 aeternam
388 271 566 326 gloriam
584 270 815 326 possidere.
861 272 1058 313 nimirum
1074 272 1153 314 deo

160 355 244 381 non
286 340 497 381 contraria
533 340 806 394 proponimus
849 348 889 382 et
927 340 1005 382 deo
1036 342 1154 383 auxi-

158 409 288 450 liante
306 409 343 449 ei
358 409 571 463 placentia
587 408 1015 451 subministrabimus.
1041 424 1154 451 nuno

159 477 318 519 insulas
335 492 410 533 per
424 477 611 520 diversas
630 478 824 531 oolforas,
844 478 926 519 hoo
942 485 1005 520 est
1019 477 1153 520 flexus

161 544 350 588 Orientis
392 562 444 587 ex
475 545 652 589 Oceano
690 547 951 602 pertinentes
964 579 974 599 ‚
1014 546 1059 588 id
1090 554 1154 589 est

161 630 268 669 quae
289 630 365 670 per
385 615 542 656 colfum
563 615 784 657 Persicum
806 622 848 657 et
869 616 1025 657 oolfum
1046 615 1156 657 Ara—

159 683 303 726 bicum
334 693 460 738 atque
493 684 649 725 oolfum
669 684 962 740 Hyroanioum
991 700 1155 740 ponun—

160 760 243 806 tur,
264 768 340 795 seu
359 753 403 794 in
423 759 514 794 toto
529 754 635 794 mari
650 768 819 809 magno„
841 751 1012 795 Christo
1029 753 1152 795 nobis

160 823 333 865 iuvante
367 821 563 863 subtilius
596 837 837 864 enarremus
859 830 901 864 et
923 821 1155 864 enarrando

161 891 451 947 supponimus.

206 959 272 1003 17.
334 959 386 1000 In
418 959 528 1000 oolfo
559 974 658 1000 vero
690 959 863 1002 Persico
896 975 947 1001 ex
979 957 1155 1002 Oceano

162 1044 349 1071 summae
370 1028 501 1084 partis
523 1027 778 1069 meridianae
800 1028 1037 1083 pertinente
1059 1036 1157 1070 sunt

163 1097 354 1140 diversae
384 1097 562 1149 insulae,
599 1112 651 1137 ex
682 1096 835 1151 quibus
868 1103 909 1138 et
941 1097 1155 1139 nominare

161 1167 380 1218 volumus,
411 1165 456 1207 id
487 1176 548 1207 est

362 1233 508 1291 Ogiris

362 1302 529 1345 Oracea-

360 1373 619 1414 Duroadena

360 1441 578 1484 Racheros

363 1508 527 1567 Orgina

165 1684 182 1711 3
209 1683 494 1712 demonstrabimus
513 1688 612 1721 (corr.
631 1682 956 1716 subministrabimus)
979 1682 1009 1711 C.
1065 1684 1084 1710 4
1110 1683 1157 1710 in-

164 1728 264 1765 sulas]
295 1727 477 1766 insulasque
508 1729 564 1758 AB
595 1729 680 1758 editi.
724 1730 736 1758 Η
778 1729 944 1767 colphoras
972 1728 1002 1758 C.
1045 1730 1055 1756 ΙΙ
1096 1729 1156 1757 hoe

164 1777 226 1811 estl
262 1775 294 1803 hi
327 1775 410 1804 editi.
509 1777 526 1805 6
567 1785 645 1812 quae
672 1785 727 1813 per
756 1785 814 1804 om.
841 1776 899 1804 AB
924 1775 1008 1804 editi.
1046 1775 1058 1803 3!
1093 1774 1157 1804 eol-

162 1822 228 1850 fum
247 1822 389 1858 (priusfl
417 1821 587 1859 cholphum
614 1822 645 1851 C.
684 1823 696 1850 :1
731 1822 849 1851 eolfum
876 1821 1066 1857 (alterumn
1093 1821 1157 1851 eol—

164 1868 261 1906 phum
290 1867 322 1896 C.
419 1869 436 1897 7
477 1868 624 1906 colphum
652 1867 683 1898 C.
721 1870 733 1897 ΙΙ
766 1869 945 1898 hicanicum
970 1869 1006 1904 A,
1044 1869 1158 1898 ircani-

163 1924 234 1944 eum
269 1915 308 1943 B.
406 1915 425 1944 8
463 1923 548 1944 mare
579 1915 635 1943 AB
673 1915 757 1944 editi.
855 1916 872 1944 9
911 1915 1087 1944 auxiliante
1125 1914 1156 1944 C.

165 1962 183 1990 9
213 1962 253 1991 10
280 1966 311 1990 et
324 1962 497 1991 enarrando
511 1962 719 1999 supponimus
745 1971 802 1990 om.
817 1962 874 1990 AB
886 1962 971 1991 editi.
1023 1963 1062 1991 10
1087 1966 1159 1999 post

164 2009 371 2047 supponimus
405 2007 429 2037 C
457 2008 530 2037 add.
568 2009 606 2037 de
644 2008 759 2046 colpho
797 2009 918 2047 persico
950 2018 991 2038 ex
1022 2018 1158 2038 occeano

164 2065 284 2085 summe
310 2056 409 2093 partis
434 2054 607 2084 meridiane
632 2056 817 2092 pertinente.
905 2057 943 2085 11
984 2055 1097 2094 colpho
1126 2054 1156 2085 C.

168 2104 206 2132 15
235 2102 351 2140 Ogyris
375 2101 459 2131 Plin.
483 2101 571 2131 Mela
595 2101 662 2131 alii.
726 2103 766 2131 16
793 2111 905 2132 oracea
932 2102 963 2132 C.
1030 2104 1070 2132 18
1097 2103 1158 2132 Ra·

165 2150 240 2179 ehos
266 2149 350 2178 editi.
427 2150 466 2178 19
495 2144 650 2193 ''Opyava
675 2151 804 2179 Arrian.
