1420 2437
143 143 189 173 ΙΙΙ
218 145 256 172 11
1130 160 1134 169 ι
1164 143 1229 176 165

168 257 189 832 Ψαὲκὶσῦυῑιρωἱκῧν-

153 872 190 899 10

152 941 189 969 11

153 1011 192 1039 12

152 1080 192 1108 13

153 1148 194 1176 14

153 1219 193 1247 15

155 1287 194 1315 16

155 1358 194 1386 17

294 240 337 282 N
340 241 451 282 uflus
475 257 573 282 vero
596 242 789 283 aestimet
811 256 860 282 eo
882 241 997 295 quod
1018 257 1102 283 non
1123 242 1230 283 mul-

235 317 302 351 tae
334 311 495 365 patriae
519 310 656 352 dietae
679 322 778 352 sunt
798 311 842 351 in
863 310 1056 365 portione
1079 309 1230 363 Cham,

237 380 336 433 quia
364 380 503 420 minus
537 380 574 420 ei
595 380 806 421 evenisset
825 386 961 420 terrae
983 394 1110 433 quam
1130 379 1231 422 Seni

238 456 280 489 et
315 447 489 503 Iaphet3
536 449 617 490 nisi
656 448 757 490 dum
795 463 994 490 eaumosa
1033 457 1076 490 et
1114 448 1232 491 arida

239 518 425 559 existunt
457 518 551 558 loca
581 533 689 572 quae
719 511 925 562 habitant
944 518 1151 570 homines,
1191 527 1231 559 et

239 585 341 627 dum
371 587 701 641 spatiosissimae
724 587 911 628 existunt
930 587 1107 642 patriae,
1136 586 1232 627 ideo

240 656 301 697 sic
325 655 510 697 breviter
534 655 757 711 designare
772 656 980 697 volumus.
1019 656 1233 711 Designa-

239 731 304 766 tas
319 723 442 765 nobis
452 725 609 779 patrias
622 724 795 766 Africae
805 725 988 779 reperies
998 738 1080 777 xm,
1096 725 1233 780 regio-

240 808 337 834 nem
367 809 396 846 1,
425 793 584 835 insulas
616 807 684 846 1111‚
718 794 910 835 civitates
943 805 1234 845 ccccctxxxm,

241 862 416 904 flumina
446 875 567 915 xxxll,
598 862 717 904 lacus
751 876 803 904 111.

270 931 338 975 12.
372 929 621 986 Completur
636 938 778 972 autem
793 932 932 986 portio
942 928 1092 981 Cham,
1110 945 1235 984 quam

243 1001 489 1057 geometrici
519 1000 760 1055 philosophi
783 1001 976 1041 Africam
997 999 1236 1054 appellave-

243 1076 364 1121 runt,
403 1068 564 1111 habens
604 1070 731 1110 finem
773 1069 827 1110 ad
860 1067 1081 1111 Orientem
1118 1068 1237 1109 iuxta

245 1137 467 1180 Oceanum
502 1139 735 1193 praelatam
766 1137 972 1180 Arabiam
1011 1153 1033 1179 e
1063 1137 1236 1193 regione

245 1207 371 1248 maris
410 1206 547 1248 Rubri
593 1214 634 1248 et
681 1223 733 1248 ex
768 1214 887 1262 parte
925 1206 1110 1263 regionis
1147 1205 1237 1246 He-

244 1276 482 1318 braeorum.
545 1275 697 1317 deinde
722 1276 777 1318 ad
793 1292 906 1318 mare
927 1291 1130 1331 magnum
1144 1274 1237 1315 fini-

245 1353 329 1397 tur,
365 1352 412 1386 ut
444 1344 605 1386 dietum
638 1352 716 1398 est,
755 1346 848 1401 ipsa
878 1345 1017 1401 portio
1049 1342 1184 1385 Cham
1216 1358 1239 1383 a

251 1519 265 1546 1
305 1517 439 1546 extimet
470 1516 533 1552 BC,
571 1517 731 1545 existimet
765 1516 850 1545 editi.
938 1517 956 1544 2
995 1516 1143 1553 porcione
1174 1513 1237 1543 BC.

249 1565 267 1593 3
306 1564 334 1593 ei
366 1573 425 1592 om.
451 1564 480 1592 B
505 1563 590 1593 edite.
627 1564 639 1593 ΙΙ
674 1564 812 1593 venisset
841 1563 899 1591 AB
930 1563 1014 1592 editi.
1052 1563 1064 1591 Η
1099 1567 1179 1591 terre
1208 1560 1238 1597 C,

247 1613 329 1640 terra
347 1611 386 1639 B.
440 1612 460 1639 4
486 1611 627 1648 iamphet
647 1612 678 1639 C.
736 1611 753 1639 7
772 1610 962 1648 Designatas
980 1631 1024 1635 -—
1046 1610 1084 1638 10
1102 1609 1190 1638 lacus
1204 1616 1240 1636 111

248 1667 306 1686 om.
324 1657 383 1686 ΑΒ
401 1656 484 1686 editi.
559 1659 577 1687 8
610 1658 716 1686 affrice
746 1656 776 1686 C.
816 1658 826 1685 [ι
862 1658 989 1694 regione
1018 1656 1047 1686 C.
1124 1656 1140 1684 9
1168 1658 1240 1683 sunt

249 1705 389 1733 civetates
407 1704 474 1733 573
492 1703 663 1743 etflumz'na
681 1704 736 1733 32.
791 1705 829 1733 10
855 1703 906 1732 lac
927 1703 957 1732 C.
984 1704 996 1733 ΙΙ
1017 1707 1091 1740 post
1104 1702 1192 1731 lacus
1205 1710 1241 1729 111

253 1750 276 1780 C
299 1750 396 1786 addit,
426 1753 528 1788 spatio
555 1760 649 1780 vacuo
675 1761 728 1780 sez
751 1750 800 1780 vel
824 1755 939 1788 septem
963 1759 1102 1779 versuum
1128 1757 1242 1785 capace

250 1796 361 1826 relicto
395 1797 432 1826 de
465 1798 580 1832 finibus
611 1799 717 1827 affrice
746 1798 904 1835 portionis
936 1798 1027 1826 cham
1053 1800 1084 1825 et
1109 1794 1244 1833 qualiter

251 1844 436 1881 completur.
479 1845 517 1873 de
534 1845 648 1873 finibus
673 1844 779 1873 affrice
797 1845 836 1873 ad
854 1845 1016 1873 orientem.
1092 1843 1131 1871 11
1159 1850 1243 1870 com-

248 1890 401 1929 plectitur
426 1890 510 1919 editi.
549 1892 560 1919 11
596 1893 717 1927 autem]
743 1895 815 1919 ante
844 1890 874 1919 C.
964 1891 1003 1919 12
1042 1889 1242 1927 geometrici]

252 1947 344 1976 geom
369 1943 400 1966 et
424 1938 482 1966 rici
506 1936 542 1973 A,
581 1946 682 1975 gaeon
714 1941 745 1966 et
769 1938 825 1965 rizi
858 1937 895 1974 Β,
935 1937 1043 1975 greoni
1069 1939 1100 1965 et
1124 1936 1181 1964 rici
1212 1934 1242 1971 C,

253 1984 342 2015 Geon
360 1988 391 2013 et
407 1984 475 2013 Risi
499 1984 584 2013 editi.
621 1984 633 2012 11
668 1983 870 2021 appellarunt
895 1983 978 2013 editi.
1055 1984 1094 2012 13
1121 1982 1170 2011 hic
1194 1991 1246 2011 ac·

253 2032 334 2062 cedit
353 2031 463 2060 Gztido.
501 2032 512 2060 11
547 2031 722 2060 horientem
748 2031 787 2059 B.
863 2032 903 2060 14
930 2041 945 2060 e
970 2031 1108 2068 regione]
1134 2039 1175 2058 ex
1200 2038 1247 2058 re-

253 2080 347 2117 gione
375 2078 404 2115 C'7
432 2083 462 2107 et
485 2079 646 2116 regionem
674 2078 709 2107 G.
785 2079 824 2108 15
851 2079 998 2116 regionis]
1025 2078 1183 2114 regionem
1211 2075 1245 2104 G.

254 2127 265 2154 11
284 2126 470 2155 hebreorum
496 2124 558 2154 BC.
637 2126 674 2154 17
703 2125 811 2163 porcio
838 2125 901 2154 BC.
