1420 2437
146 180 160 209 1
187 181 204 209 4

172 292 187 318 1

169 361 186 389 2

169 433 187 460 3

167 501 186 528 4

168 570 185 597 5

167 637 184 664 6

169 707 185 733 7

167 774 185 802 8

167 844 184 870 9

145 911 184 939 10

144 982 181 1009 11

145 1051 183 1079 12

144 1122 184 1149 13

144 1190 184 1218 14

145 1259 183 1287 15

144 1329 183 1357 16

143 1398 182 1425 17

144 1467 184 1495 18

144 1536 183 1563 19

141 1603 182 1631 20

142 1674 181 1702 21

141 1743 182 1770 22

142 1810 183 1838 23

1192 181 1231 214 11

240 275 420 318 Gabaon
453 293 504 319 ne
537 278 756 330 movearis,
790 285 830 319 et
852 279 951 319 luna
978 285 1125 319 eontra
1146 280 1234 320 va]-

237 345 322 386 lem
343 347 570 388 Achilon.“
624 363 648 388 0
679 348 942 388 solertissimi
971 348 1064 399 viri,
1095 363 1233 388 nonne

237 415 431 467 tandem,
473 415 642 469 quando
683 416 746 457 sol
788 422 934 457 contra
972 417 1113 457 locum
1146 415 1234 457 Ga-

237 483 505 525 baonitarum
536 485 668 537 stetit‚
700 501 783 526 non
803 485 1059 539 respiciebat
1079 487 1121 527 in
1143 493 1233 527 toto

237 552 427 593 mundo?
476 559 518 594 et
549 554 584 594 si
615 554 712 594 talis
745 553 811 595 dei
843 555 1024 595 famulus
1056 561 1104 595 ut
1126 555 1187 595 sol
1211 571 1234 595 a

236 622 452 662 nominato
484 621 579 662 loco
611 637 689 663 neo
719 624 877 664 moveri
899 623 1126 664 arbitratus
1156 631 1233 665 est.

238 689 341 743 quid
371 690 568 745 prohibet
599 707 674 745 per
705 691 892 746 singulas
915 692 1038 733 horas
1063 692 1145 733 diei
1169 708 1233 733 ar-

236 758 394 799 bitrare
429 759 542 813 quod
575 760 694 812 quasi
717 775 843 814 super
868 760 1069 806 diversas,
1102 768 1149 802 ut
1171 762 1234 802 di-

238 833 354 868 ctum
387 835 472 880 est,
516 828 826 882 respiciendum
867 836 1119 884 supputetur
1160 846 1234 885 pa—

234 897 367 938 trias?
410 904 451 938 et
473 898 508 938 si
531 913 604 952 per
627 898 904 953 horologium,
937 898 1051 952 quod
1082 899 1124 939 in
1147 915 1233 940 me-

234 966 338 1006 tallo
362 965 610 1021 designatur
632 966 858 1019 modicum,
880 975 1013 1008 totam
1031 967 1142 1008 diem
1158 984 1234 1023 per

235 1034 433 1074 horarum
457 1035 777 1089 supputationes
808 1035 1051 1092 diligentius
1075 1037 1233 1078 discer-

234 1103 389 1154 nimus,
413 1110 570 1157 quanto
594 1104 727 1158 magis
750 1104 978 1158 prudentes
1000 1106 1079 1145 viri
1095 1112 1231 1146 totum

235 1177 282 1212 ut
303 1187 372 1212 ros
395 1172 722 1226 herophormum
752 1173 1004 1215 arbitrantes
1027 1174 1231 1215 mundum

238 1247 417 1295 possunt
449 1241 646 1283 subtilius
688 1257 794 1295 quae
825 1250 1040 1297 ponuntur
1069 1244 1230 1298 patriae

234 1310 277 1350 in
309 1310 506 1351 universo
538 1309 695 1351 mundo
728 1311 841 1351 Circa
862 1310 1023 1352 Oceani
1055 1312 1231 1353 limbum

233 1394 309 1433 per
331 1386 443 1419 totas
467 1379 606 1431 horas,
629 1386 675 1421 ut
697 1379 857 1420 dictum
879 1387 956 1429 est,
986 1387 1229 1435 supputare.

281 1447 322 1490 5.
384 1448 440 1488 Et
483 1449 518 1489 si
565 1449 741 1489 forsitan
788 1464 839 1489 ex
886 1450 1229 1490 eontentionariis

235 1517 445 1570 quispiam
466 1517 658 1570 ingerere
682 1518 874 1569 voluerit,
904 1533 1095 1559 asserens
1128 1534 1231 1572 quo-

234 1585 360 1627 modo
395 1585 653 1627 eredendum
692 1586 805 1640 quod
834 1587 970 1640 prima
1009 1586 1112 1627 hora
1148 1586 1231 1627 diei

235 1655 299 1695 sol
331 1655 474 1695 statim
505 1655 548 1695 in
579 1654 783 1696 Indorum
812 1655 1012 1709 respiciat
1037 1657 1230 1710 patriam„

234 1724 415 1763 maxime
449 1738 544 1764 (zum
568 1723 729 1764 dictum
752 1730 816 1765 est
837 1725 934 1777 quia
955 1725 1231 1780 intransmea-

234 1790 331 1832 bilis
365 1808 528 1832 eremus
569 1799 665 1847 post
702 1799 823 1849 terga
862 1792 1051 1833 eiusdem
1082 1791 1229 1833 Indiae

235 1967 252 1995 2
281 1965 411 2003 aquilon
430 1966 464 2001 A,
488 1965 603 1994 Aialon
618 1965 792 1994 Bibliorum
809 1968 908 1995 versio
925 1965 1065 2004 vulgata.
1116 1967 1133 1995 5
1155 1971 1230 2004 post

232 2013 369 2041 famulus
394 2012 508 2041 Porcle.
535 2013 623 2041 addit
649 2013 821 2049 [obtinuitl.
915 2015 932 2043 7
976 2014 1119 2042 arbitrari
1145 2013 1228 2042 editi.

235 2061 252 2088 9
291 2060 517 2097 respitiendum
535 2060 571 2095 A⁷
598 2060 766 2097 respiciens
791 2060 874 2088 edici.
951 2061 989 2089 10
1028 2063 1068 2096 etl
1096 2061 1166 2097 quis
1192 2062 1227 2089 A.

237 2107 276 2135 12
316 2110 544 2143 supputatones
569 2107 607 2134 B.
696 2107 735 2134 14
773 2115 823 2135 ros
845 2107 1098 2144 herophormuml
1125 2108 1229 2145 sphai-

232 2154 435 2191 rophormum
461 2153 634 2181 Renaudot.
729 2154 772 2181 23
809 2154 911 2182 eidem
936 2155 972 2183 B.
