1420 2437
168 162 186 196 ι-

191 162 236 195 Ξ

193 688 209 715 *J
193 619 209 646 a
193 550 209 577 0·
192 481 212 509 νβ-
192 413 210 440 Q:
192 344 210 371 [Ο
195 276 208 302 1-*

192 756 209 852 Φα)

172 893 209 921 10

171 963 208 990 11

171 1030 209 1058 1‘)

193 1051 209 1058 ..ι

170 1100 209 1128 13

170 1169 209 1196 14

1164 163 1256 192 1V4

461 259 627 301 Careon

460 329 690 384 Trapezus.

304 396 343 440 4.
419 397 529 438 Item
575 397 625 438 ad
673 403 837 453 partem
883 397 1255 452 septentrionalem

259 466 378 507 iuxta
410 464 632 508 Oceanum
673 466 891 508 confinalis
921 466 1136 521 praefatae
1167 481 1255 507 ma-

259 536 359 576 ioris
377 534 578 591 Scythiae
608 536 780 590 ponitur
805 536 943 590 patria
971 550 1077 589 quae
1100 534 1256 576 dicitur

261 602 438 645 Colchia
448 603 644 657 Circeon‚
657 604 967 661 lVIelanglinon,
981 603 1254 645 Bassarinon.

261 686 367 726 quae
387 670 565 714 Colchia
582 671 763 714 Circeon
782 674 826 714 in
848 672 1044 714 omnibus
1067 687 1256 714 eremosa

260 756 352 782 esse
385 740 632 783 dinoscitur.
680 741 732 783 de
764 757 848 797 qua
876 742 1014 797 patria
1045 741 1255 783 enarravit

261 810 528 852 Pentesileus
560 811 851 866 philosophus.

318 879 428 920 Item
467 880 586 920 iuxta
616 878 838 921 Oceanum
878 879 1097 920 confinalis
1135 894 1255 933 prae-

264 948 375 989 fatae
416 949 601 1004 regionis
634 947 835 990 Colchiae
876 954 940 989 est
975 948 1113 1003 patria
1148 961 1255 1001 quae

262 1016 418 1058 dicitur
440 1016 492 1058 ab
516 1018 701 1071 antiquis
718 1017 999 1070 Amazonum,
1028 1022 1256 1072 postquam

261 1101 331 1127 eas
363 1085 415 1126 de
439 1084 642 1127 Caucasis
665 1085 880 1127 montibus
902 1086 1038 1127 exisse
1060 1085 1254 1141 legimus.

262 1154 314 1195 de
348 1169 430 1208 qua
460 1154 598 1209 patria
628 1154 825 1195 subtilius
851 1162 983 1211 agunt
1005 1169 1132 1209 supra
1152 1154 1255 1196 scri-

266 1351 278 1377 1
311 1349 433 1378 Cal-eon
460 1350 551 1377 ctiam
576 1349 602 1378 ἶν’
625 1350 679 1386 11,
712 1349 834 1378 Pareon
859 1350 1020 1379 Iordanes.
1095 1350 1112 1378 2
1139 1349 1255 1386 Trape-

260 1406 315 1425 zus
349 1398 441 1425 etium
473 1396 499 1424 V
521 1397 582 1432 11,·
619 1396 656 1425 cle
686 1396 832 1435 Scythiae
864 1397 976 1434 oppido
1011 1396 1253 1434 „T1·apezunte“

260 1443 428 1475 Iordanes:
452 1437 496 1474 τὸ
523 1438 603 1488 ὅρος
621 1439 640 1476 ὃ
664 1444 866 1486 Τραπεζοῦς
890 1444 1018 1473 Strabo.
1044 1443 1056 1473 ΙΙ
1085 1448 1161 1481 post
1177 1443 1254 1472 Tra-

260 1500 356 1527 pezus
387 1490 415 1518 Β
441 1490 530 1519 addit
561 1491 614 1526 XI,
655 1490 679 1520 C
702 1491 791 1520 addit
823 1492 860 1520 de
892 1490 1048 1529 cholchya
1078 1491 1250 1519 hereiuosa.

261 1538 279 1565 3
306 1537 432 1566 interim
447 1539 482 1573 A,
501 1538 613 1566 iterum
631 1538 660 1566 B
677 1538 760 1567 editi.
827 1539 847 1566 4
872 1538 1043 1575 praefatae]
1061 1537 1200 1575 predicte
1221 1535 1250 1572 Ο,

260 1585 380 1621 patriae
406 1585 441 1612 A.
525 1584 541 1613 5
581 1585 673 1613 sithie
698 1585 764 1620 ΑΒ,
804 1585 968 1622 schythiae
996 1583 1026 1613 C.
1107 1585 1124 1612 6
1164 1583 1252 1613 chol·

258 1631 329 1659 chia
345 1631 411 1666 AB,
440 1630 596 1669 cholchya
622 1630 652 1667 C,
692 1629 735 1669 cf.
761 1641 788 1660 v.
803 1632 857 1660 11.
896 1632 908 1659 Η
944 1630 1092 1667 Circeon]
1118 1630 1252 1660 Chireoe

257 1679 344 1706 iuxta
374 1677 550 1707 Amazones
588 1677 673 1714 Tab„
709 1679 884 1723 Κιρκαῖον
916 1675 1044 1709 πεδίον
1084 1677 1250 1714 Colchidis,

256 1725 386 1763 Dionys.
424 1725 435 1753 ll
470 1724 703 1763 Melanglinon]
737 1729 809 1753 sunt
840 1724 1082 1754 Melanchlaeni.
1121 1724 1133 1754 ΙΙ
1175 1725 1253 1754 Bas-

256 1772 399 1807 sarinon]
426 1781 465 1799 an
492 1769 687 1800 Bastarnae?
763 1773 780 1801 7
809 1772 954 1802 cholchia
978 1774 1015 1808 A,
1044 1771 1196 1801 cholchea
1211 1772 1249 1808 B,

256 1818 412 1857 cholchya
427 1817 458 1847 C.
496 1819 507 1847 1!
543 1817 674 1847 Circeon
692 1828 750 1847 om.
772 1818 828 1848 BC
844 1820 927 1848 editi.
965 1819 976 1848 ΙΙ
1010 1820 1175 1849 heremosa
1185 1818 1248 1848 BC.

257 1867 274 1894 8
303 1866 479 1894 dinoscitur
503 1867 539 1902 A,
579 1866 765 1904 dynoscitur
793 1865 823 1895 C.
899 1868 916 1895 9
950 1866 1139 1895 Pentesilius
1165 1866 1249 1902 editi,

255 1911 299 1951 cf.
319 1914 382 1940 171
411 1913 442 1943 5.
481 1914 492 1941 Η
522 1917 597 1950 post
612 1912 820 1950 philosophus
837 1914 866 1942 Β
884 1913 956 1942 add.
970 1913 1042 1948 XII,
1067 1912 1091 1942 C
1106 1912 1194 1942 addit
1212 1913 1249 1941 de

254 1960 357 1996 patria
372 1968 431 1997 que
447 1960 561 1988 dicitur
575 1960 613 1988 ab
628 1960 766 1997 antiquis
780 1970 978 1989 amazonum.
1032 1960 1138 1990 10-13
1159 1958 1250 1988 habet

257 2005 366 2035 (luido.
444 2008 481 2035 11
511 2006 654 2035 cholchie
673 2006 735 2036 BC.
812 2008 851 2035 12
877 2008 1086 2042 Amazonum]
1113 2005 1250 2034 Amazo-

254 2062 308 2080 nes
338 2062 432 2090 snper
462 2058 579 2083 montes
612 2053 745 2082 Caucasi
782 2054 854 2083 Ταῦ.
946 2055 986 2083 13
1026 2053 1185 2082 caucaseis
1212 2052 1247 2090 G,

255 2100 433 2128 causcausis
470 2102 507 2128 A.
608 2102 647 2129 14
685 2102 800 2138 agunt]
835 2102 951 2130 adeunt
988 2100 1052 2135 AB,
1097 2109 1181 2129 asser
1216 2099 1245 2129 C.

254 2146 265 2173 Η
282 2148 391 2182 supra}
419 2147 475 2175 sub
505 2146 535 2175 C.
