1420 2437
125 167 233 189 Gvroo
264 160 278 188 1
287 159 304 188 2
311 160 326 188 1
1151 156 1217 190 547

150 271 165 299 1

148 338 165 365 2

147 407 164 435 3

144 476 164 504 4

144 543 162 573 5

144 613 161 641 6

144 681 161 708 7

143 748 161 776 8

143 818 160 845 9

121 887 160 915 10

120 957 159 984 11

121 1025 160 1052 12

120 1093 159 1122 13

118 1162 159 1190 14

117 1230 156 1260 15

117 1300 156 1328 16

117 1371 156 1398 17

117 1440 156 1467 18

246 254 344 299 120.
405 255 514 296 Asia
544 253 704 296 habens
725 254 830 295 fines
860 253 913 295 ab
944 254 1105 295 oriente
1128 269 1217 295 ere-

216 340 331 366 mum
367 323 515 365 Indiae
546 324 787 365 Dimericae
826 323 1214 365 intransmeabilem

215 393 409 447 ultraque
443 408 492 434 ea
522 392 601 433 deo
641 398 786 434 nostro
816 392 1111 434 tantummodo
1144 407 1213 433 co-

214 462 393 517 gnitum.
455 477 480 502 a
516 467 635 516 parte
674 476 775 502 vero
814 461 1048 503 meridiana
1084 461 1213 503 habet

211 531 317 572 fines
348 530 456 571 Asia
478 528 699 571 Oceanum
731 530 845 584 quod
874 531 1014 586 tangit
1043 531 1213 572 tertiam

211 598 378 640 Indiam
414 599 638 652 maiorem,
678 599 994 641 Thermaticam
1034 606 1076 641 et
1111 600 1212 641 Ela-

211 669 376 717 mitem3
411 668 526 721 quod
550 668 747 710 videlicet
768 667 989 710 Oceanum
1020 668 1213 709 similiter

210 737 351 793 tangit
389 736 542 778 Persas
592 744 634 779 et
671 738 839 780 Arabas
878 738 1210 793 Aegyptumque

210 807 465 847 inferiorem.
544 822 568 847 a
609 814 728 861 parte
772 823 872 848 vero
911 806 1210 862 septentrionis

210 875 339 916 habet
360 875 468 916 Asia
487 876 592 917 fines
611 874 832 919 Oceanum
849 876 1071 919 Serianum
1091 890 1210 916 mon-

209 952 358 999 tesque
403 944 606 999 Ripheos.
691 960 742 985 ex
793 945 947 1000 quibus
994 944 1208 986 montibus

210 1013 426 1070 egreditur
463 1013 616 1055 fluvius
648 1014 827 1067 Tanais,
869 1015 988 1056 cuius
1027 1014 1209 1069 plurima

208 1083 346 1124 influit
361 1084 404 1124 in
422 1083 560 1125 sinum
575 1082 742 1138 paludis
760 1083 992 1125 Meotidae.
1029 1082 1206 1138 proinde

207 1159 322 1194 recte
354 1152 503 1194 eadem
532 1153 654 1208 palus
676 1152 807 1194 Asiae
838 1152 934 1194 finis
968 1152 1125 1205 existit,
1157 1167 1206 1193 eo

207 1222 322 1277 quod
360 1222 518 1264 Tanais
564 1223 675 1263 inter
713 1221 864 1263 Asiam
910 1228 952 1263 et
989 1221 1207 1276 Europam

207 1291 371 1332 dividit.

244 1359 339 1404 121.
409 1360 499 1401 Alii
543 1366 683 1401 autem
729 1361 961 1415 incongrue
1001 1360 1207 1400 falluntur

206 1430 465 1471 affirmantes
503 1429 678 1470 fluvium
707 1428 745 1469 F
748 1429 862 1476 asin„
905 1428 976 1482 qui
1009 1427 1061 1469 de
1094 1426 1206 1469 Cau-

253 1631 374 1660 codices
393 1630 456 1669 hfv.
830 1628 873 1668 (f.
888 1630 964 1658 Κατ.
986 1629 1052 1657 114
1072 1630 1091 1657 5
1110 1639 1155 1667 sq.

209 1725 223 1751 1
263 1727 335 1752 ante
358 1723 435 1751 Asia
466 1722 538 1751 add.
570 1723 737 1752 terminum
771 1723 827 1751 afr.
855 1726 886 1751 et
911 1732 955 1752 as.
986 1723 1013 1758 b,
1052 1723 1203 1751 terminus

205 1771 320 1799 africae
351 1774 382 1799 et
406 1779 541 1807 europae
578 1780 605 1798 v.
665 1770 677 1798 Η
736 1772 893 1805 eremum]
927 1770 1076 1798 erectium
1109 1777 1140 1798 et
1168 1768 1201 1808 f,

205 1818 321 1846 ereieifi
346 1821 377 1846 et
402 1827 428 1852 v,
467 1818 580 1847 ereitifi
611 1816 638 1845 b.
739 1818 755 1844 2
795 1817 991 1851 Dimericae]
1024 1815 1145 1845 dim'iee
1168 1815 1201 1854 f.

206 1866 223 1894 3
264 1865 481 1894 tantummodo
506 1868 614 1893 nostro
632 1862 666 1901 f.
757 1864 774 1891 5
814 1873 984 1892 occeanum
1011 1862 1055 1901 bf.
1094 1863 1105 1891 ΙΙ
1140 1867 1202 1892 ter-

205 1912 285 1940 ciam
315 1910 347 1949 f.
448 1912 465 1939 7
504 1919 675 1939 occeanum
714 1909 758 1948 bf.
856 1911 873 1938 8
912 1914 943 1939 et
979 1911 1123 1938 omittunt
1156 1909 1200 1948 bf.

203 1959 214 1987 Η
233 1958 494 1996 Aegyptumque!
533 1958 697 1995 Egyptum
728 1966 852 1994 quoque
881 1956 914 1995 f.
1016 1958 1054 1985 10
1093 1966 1201 1986 occea-

202 2015 278 2034 num
304 2005 349 2044 bf.
437 2006 475 2033 11
514 2005 610 2034 rifeos
637 2002 809 2042 hf.12
848 2004 973 2033 thanais
998 2014 1025 2032 v.
1076 2004 1087 2033 ΙΙ
1132 2003 1202 2041 plu-

202 2054 298 2082 rimos
315 2051 349 2091 f⁷
389 2061 460 2089 pars
478 2051 615 2090 plurima
639 2051 716 2080 Rav.
794 2052 832 2079 13
859 2051 984 2088 palladis
1002 2051 1029 2079 b.
1070 2051 1081 2079 Η
1117 2060 1201 2080 meo-

203 2101 267 2129 tide
285 2099 318 2137 f.
408 2100 448 2127 14
487 2100 595 2128 extitit
622 2108 647 2127 ι’.
740 2099 779 2127 15
820 2102 932 2136 tanays
949 2097 983 2136 s,
1022 2099 1146 2128 thanais
1172 2108 1200 2127 v.

207 2149 245 2175 17
286 2147 457 2184 incongruo
476 2145 508 2185 f.
616 2147 654 2174 18
694 2146 767 2175 fasit
794 2146 820 2176 b,
861 2146 960 2175 sassin
988 2155 1013 2174 ι’.

934 2198 996 2225 35‘
