1420 2437
110 180 154 210 IV
181 181 222 209 20
1134 176 1202 210 219

133 843 149 870 <0
131 776 149 801 α)
133 706 149 733 “Ι
132 637 149 664 Φ
132 568 149 595 0¹
130 499 150 527 νΡδ
132 429 149 457 00
132 361 149 388 Ν)
136 293 147 319 ›—

110 911 125 1490 ι-ιμο-υ-ιμ-ια-ιι-ιμ-ιμ

132 911 152 1491 ωΝΙΦΘΊΗὶωῑθι-*Θ

406 276 601 318 Pal-sium

403 346 572 388 Dravis.

247 413 317 457 20.
379 413 488 455 Item
518 415 638 456 iuxta
673 414 809 469 ipsam
840 412 1105 454 Pannoniam
1136 419 1201 454 est

200 483 340 538 patria
371 497 477 537 quae
511 482 668 524 dicitur
693 481 880 535 Valeria⁷
914 497 1020 536 quae
1051 488 1091 523 et
1114 497 1201 523 me-

202 551 273 593 dia
304 551 543 607 appellatur
562 551 796 607 provincia,
827 566 903 606 pro
928 566 977 592 eo
1000 549 1115 604 quod
1136 565 1201 591 re-

201 621 312 661 iacet
333 621 443 661 inter
465 636 594 676 supra
615 621 796 676 scriptas
814 619 1072 661 Pannonias.
1118 620 1200 674 ipsi

203 688 380 730 eandem
402 688 719 744 descripserunt
734 689 996 744 philosophig
1021 688 1097 731 sed
1121 704 1200 745 ego

202 757 437 800 secundum
457 758 696 812 praefatum
717 758 968 813 scriptorem
983 757 1202 799 Marcum-

201 827 354 868 mirum
386 826 629 869 Gothorum
664 827 964 882 philosophum
1005 827 1199 867 civitates

201 896 377 937 inferius
410 894 655 952 designatas
688 895 877 938 eiusdem
898 895 1096 937 Valeriae
1127 911 1202 936 no—

201 966 371 1007 minavi.
433 966 476 1006 in
508 980 592 1020 qua
612 965 786 1007 Valeria
815 965 1018 1020 plurimas
1053 965 1200 1005 civita-

202 1042 266 1076 tes
298 1034 429 1076 fuisse
461 1034 657 1090 legimus,
690 1050 742 1076 ex
775 1034 928 1089 quibus
961 1034 1200 1088 aliquantas

203 1102 427 1159 designare
458 1104 668 1156 volumus,
699 1103 744 1145 id
776 1110 840 1145 est

402 1173 604 1214 Acunum

400 1241 542 1283 Usum

403 1310 579 1352 Malatis

403 1377 526 1420 Catio

403 1446 644 1489 Cornacum

206 1558 221 1585 1
262 1557 366 1594 psium
399 1556 430 1585 C.
521 1556 538 1584 2
579 1556 689 1584 draves
718 1554 748 1591 C,
788 1555 930 1592 Dravus,
966 1555 1092 1584 Drabus
1117 1554 1198 1584 aliis.

203 1603 302 1640 llpost
325 1603 442 1632 Dravis
470 1602 494 1632 C
516 1602 589 1631 add.
616 1603 654 1631 de
678 1602 798 1631 valeria
824 1612 883 1640 que
909 1606 940 1631 et
964 1603 1069 1632 media
1094 1602 1202 1640 appel-

201 1649 294 1679 latur.
369 1651 388 1679 4
425 1649 565 1685 Valeria]
591 1658 664 1687 pars
690 1650 851 1686 quondam
869 1649 1061 1686 Pannoniae,
1088 1651 1143 1678 sed
1161 1650 1201 1678 ad

202 1697 354 1726 honorem
370 1696 516 1726 Valeriae
543 1696 735 1726 Diocletiani
764 1696 847 1725 filiae
874 1701 905 1725 et
930 1697 1077 1726 instituta
1102 1702 1133 1725 et
1157 1697 1202 1725 ita

203 1743 428 1781 cognominata
464 1744 615 1772 Ammian.
655 1744 699 1771 19
737 1744 792 1772 11.
907 1744 924 1772 5
963 1743 1125 1781 provintia
1161 1744 1200 1772 B.

205 1791 221 1818 7
263 1790 406 1819 eamdem
438 1790 522 1825 editi,
561 1791 612 1828 qui
637 1792 681 1820 sic
706 1789 819 1819 solent.
918 1792 934 1819 9
973 1793 1135 1827 gottorum
1168 1789 1199 1819 0.

207 1837 246 1865 10
274 1837 340 1866 eius
365 1836 431 1864 AB.
469 1837 481 1865 ΙΙ
517 1837 656 1865 eiusdem
681 1837 799 1866 valerie
825 1837 1006 1874 designatas
1034 1835 1064 1866 0.
1099 1838 1110 1865 ΙΙ
1145 1846 1202 1865 no-

204 1883 340 1919 minavi]
369 1883 531 1921 designavi
557 1892 611 1912 seu
636 1884 799 1912 nominavi
816 1884 852 1912 A.
930 1884 969 1911 11
1000 1884 1039 1912 12
1065 1883 1201 1921 legimus

202 1931 300 1960 fuisse
338 1930 484 1959 civitates
520 1929 586 1966 AB,
629 1930 725 1959 fuisse
763 1930 908 1959 civitates
943 1929 1078 1967 legimus
1115 1930 1199 1959 editi.

205 1978 247 2006 14
283 1976 430 2006 Acunum
455 1977 547 2005 etiam
569 1976 653 2013 Tab„
678 1976 835 2006 Aciminci
858 1977 942 2013 Ant„
969 1972 1202 2022 Ἀκούμιγκον

202 2023 287 2054 Ptol.
364 2025 402 2053 15
430 2023 547 2059 Usum]
574 2022 693 2052 Cusum
715 2023 798 2060 Tah„
826 2022 902 2053 Cusi
926 2023 998 2052 Ant.
1068 2026 1107 2054 16
1133 2025 1202 2054 Ma-

202 2071 294 2108 latis]
321 2070 442 2100 Milatis
472 2070 562 2105 Tah.‚·
588 2071 651 2099 eius
670 2069 738 2099 loco
764 2071 910 2100 Bononia
934 2071 1005 2100 Ant.
1082 2073 1121 2101 17
1150 2081 1201 2101 ca-

203 2119 249 2148 sio
271 2117 301 2155 C,
329 2116 422 2147 Cutio
441 2117 525 2153 editi,
553 2117 670 2147 Cuccio
690 2117 774 2153 Tab.‚
801 2117 983 2147 CucciAnc.
1058 2119 1097 2148 18
1125 2118 1200 2149 Cor-

202 2174 283 2194 naco
309 2165 380 2194 Ant.
413 2164 483 2194 Tab.
