1420 2437
181 167 225 197 IV
252 168 269 196 3
1198 163 1262 196 171

202 279 221 857 oeoexlmwuzwmv—

182 898 197 1200 μ-ιι-ιν-ιι--μ

204 898 222 1201 kbwoeb-O

270 263 351 304 lius
382 262 588 304 Livanius
620 260 897 317 philosophus
934 262 1116 302 vicinam
1146 262 1265 316 palu-

271 331 336 373 dis
368 330 612 372 Maeotidae
653 330 907 372 summitatis
938 345 1031 371 esse
1062 329 1264 381 decernit,

271 399 471 441 adserens
505 399 820 441 multitudinem
859 399 1041 454 piscium
1080 414 1132 439 ex
1162 399 1265 439 vici-

270 467 471 510 nantibus
512 468 617 509 locis
649 467 827 520 habere„
867 467 942 509 sed
981 475 1028 508 nt
1058 466 1264 508 barbarus

271 553 362 579 mos
395 544 472 589 est,
504 536 663 578 insulse
696 552 767 578 eos
798 537 1025 591 perfruere.

314 606 354 649 3.
432 605 542 646 Item
586 605 724 660 patria
767 605 947 647 Licania
990 606 1264 647 Bosforaniae

271 676 390 716 iuxta
421 689 535 714 mare.
566 673 794 715 Ponticum
828 675 981 729 posita.
1043 676 1162 716 cuius
1192 691 1266 730 pa-

272 744 379 785 triae
411 743 614 797 plurimos
648 742 932 798 descriptores
972 744 1174 799 legimus,
1216 759 1267 784 ex

273 811 426 867 quibus
458 810 807 852 nefandissimum
828 812 1126 868 Porphyrium,
1157 812 1268 854 Iam-

273 881 477 932 blichum,
509 879 751 932 Livanium,
790 879 1053 922 Graecorum
1084 882 1268 936 philoso-

272 950 393 1006 phos‚
425 948 501 991 sed
533 956 573 990 et
595 949 864 990 Arbitionem
896 956 938 991 et
957 950 1185 992 Lolianum
1206 956 1268 991 at-

274 1034 355 1074 que
388 1018 629 1061 Castorium
660 1018 949 1060 Romanorum
978 1019 1266 1074 philosophos.

274 1088 350 1130 sed
383 1104 461 1144 ego
502 1087 736 1129 secundum
774 1089 1011 1142 praefatum
1041 1088 1268 1129 Livanium

272 1157 446 1198 iuferius
488 1155 624 1198 dictas
666 1157 859 1199 civitates
889 1157 1165 1198 Bosforaniae
1194 1173 1268 1212 pa-

276 1306 291 1333 1
320 1304 456 1333 linamus
482 1305 518 1333 A.
557 1304 568 1332 ΙΙ
603 1304 709 1333 vicina
732 1305 799 1333 AB.
838 1304 849 1333 ll
884 1304 995 1342 paludi
1023 1303 1053 1334 C.
1141 1306 1157 1333 :2
1183 1314 1268 1334 meo-

272 1352 338 1381 tide
356 1350 419 1380 BC.
458 1351 469 1379 ΙΙ
505 1351 663 1380 sumitatis
680 1351 772 1380 ABG.
805 1351 816 1380 Η
845 1353 1016 1380 decernunt
1035 1352 1099 1380 AB.
1174 1353 1191 1381 3
1220 1361 1269 1381 as-

273 1407 376 1428 serens
404 1397 427 1427 C
450 1398 535 1427 editi.
573 1398 584 1427 ΙΙ
619 1398 753 1435 piscium
772 1408 828 1427 om.
847 1399 876 1427 B
893 1399 977 1427 editi.
1015 1398 1026 1427 ΙΙ
1060 1399 1269 1428 vicinantium

272 1445 414 1474 locorum
438 1446 495 1474 ΑΒ
520 1445 604 1474 editi.
680 1446 696 1474 5
725 1445 851 1481 insulse}
879 1445 979 1475 insule
1005 1446 1070 1481 AB7
1098 1445 1209 1475 insulis
1237 1445 1266 1481 C,

274 1492 394 1521 insulae
426 1492 510 1521 editi.
550 1493 561 1520 Η
591 1495 666 1529 post
692 1493 849 1529 perfruere
882 1493 910 1521 B
944 1492 1017 1521 add.
1049 1492 1093 1529 X,
1135 1492 1158 1522 C
1181 1493 1270 1522 addit

274 1540 312 1568 de
348 1539 465 1568 licania
501 1539 681 1569 bosforanie
718 1540 811 1569 iuxta
841 1549 926 1568 mare
958 1540 1123 1577 ponticum
1154 1541 1267 1577 positar

276 1587 293 1615 6
321 1586 543 1622 Bosforaniae]
571 1585 723 1624 p'foragie
750 1588 785 1619 (ι’.
804 1596 828 1615 e.
855 1587 1065 1624 postforagie)
1086 1587 1121 1623 A,
1148 1596 1206 1624 pus
1223 1588 1270 1616 fo-

274 1633 361 1671 ragie
378 1634 416 1669 B,
443 1634 609 1663 Bosforani
628 1633 712 1669 Tab„
740 1633 1074 1678 Boonopavoc'Ptol.
1144 1635 1160 1663 7
1187 1634 1269 1663 Pon-

274 1680 383 1716 ticum]
402 1683 481 1718 potu
498 1681 536 1709 B.
604 1681 620 1708 9
648 1681 941 1717 nephandissimum
961 1680 991 1716 C,
1016 1681 1160 1709 nefandis
1177 1682 1218 1710 sit
1230 1681 1268 1717 Β,

274 1727 419 1756 nefandis
444 1732 480 1756 ut
504 1729 540 1763 A,
578 1728 731 1756 nefandus
756 1728 797 1756 sit
822 1728 906 1764 editi,
952 1726 1059 1766 cf.IV
1081 1728 1112 1755 5.
1151 1727 1163 1755 ΙΙ
1198 1737 1270 1765 por-

274 1773 413 1810 phirium
430 1773 492 1811 AC,
518 1774 700 1811 Porphirius
725 1774 810 1803 editi.
847 1775 858 1803 ΙΙ
892 1774 1082 1804 lamblichus
1098 1774 1165 1810 AB,
1191 1774 1270 1803 lam-

276 1819 418 1848 blichum
446 1820 476 1857 0,
516 1820 709 1849 lamblichus
736 1821 820 1850 eslitc'.
897 1823 936 1850 10
976 1821 1104 1849 lavianfi
1128 1821 1194 1856 AB,
1232 1821 1270 1850 li-

276 1876 393 1895 nanum
434 1866 470 1903 C,
515 1867 666 1896 Livanius
703 1867 786 1896 editi.
830 1867 841 1895 ΙΙ
876 1867 1085 1905 philosophus
1121 1868 1146 1896 A
1184 1868 1268 1904 editi,

278 1913 498 1952 phylosophus
524 1914 563 1942 Β.
656 1914 693 1941 11
736 1918 765 1942 et
778 1918 852 1950 post
869 1915 923 1943 sed
949 1923 1006 1942 om.
1022 1914 1060 1942 B.
1098 1914 1109 1942 Η
1144 1914 1269 1944 Arbitio

278 1961 363 1989 editi.
404 1961 527 1989 Arbitio
545 1964 574 1989 et
590 1959 756 1988 Lollianus
774 1960 915 1989 consules
940 1962 1015 1989 (mni
1038 1961 1105 1989 355
1124 1971 1159 1999 p.
1180 1962 1269 1997 Chr„-

278 2006 543 2046 cf.]0.Bapt.de
555 2008 656 2043 Rossi,
686 2006 835 2035 Giornale
849 2008 1004 2036 Arcadico
1033 2008 1139 2037 [124
1166 2010 1268 2038 1851.

278 2055 290 2084 Η
308 2055 459 2084 Lolianus
486 2055 568 2083 editi.
646 2054 685 2082 12
714 2053 877 2084 Castorius
894 2055 978 2083 editi.
1016 2055 1026 2082 Η
1062 2055 1270 2094 philosophus

279 2102 363 2131 editi.
439 2103 477 2131 13
505 2101 666 2131 lavianum
691 2101 727 2129 A.
804 2102 845 2130 14
878 2102 1057 2131 bosforauie
1082 2104 1182 2141 patrie
1208 2102 1269 2137 AC,

279 2158 336 2178 om.
362 2150 400 2178 B.
