1420 2437
199 197 267 230 202

228 311 239 336 l

225 377 242 404 2

225 446 242 473 3

222 515 241 883 {ors—10:1¹1&

203 926 242 953 10

203 994 240 1021 11

204 1062 241 1089 12

203 1131 242 1159 13

203 1199 243 1227 14

204 1268 241 1296 15

206 1337 242 1364 16

1167 198 1211 227 IV
1239 199 1278 228 13

292 309 366 336 nes
389 294 675 336 velocissimos
696 294 855 349 profert
875 294 1077 335 homines.
1139 301 1181 335 et
1202 295 1281 336 hoo

293 363 410 404 affati
441 370 538 404 sunt
570 363 612 403 in
645 378 721 404 sua
750 362 1032 417 problemata:

350 431 627 473 Laudabatur
661 431 819 473 Parsus
859 431 1009 472 Marco
1052 431 1152 474 dum
1197 448 1280 473 non

489 507 663 541 venerat
694 499 877 542 Gothus.

349 568 436 611 Sed
467 585 491 610 o
523 569 595 610 ubi
627 576 691 611 est
720 568 900 610 Dauus?

350 636 472 690 Quae
502 638 643 679 Dania
672 637 797 679 modo
818 637 1191 679 Nordomanorum
1220 638 1282 679 di-

293 706 407 748 ditur
436 707 585 762 patria.
646 722 722 762 per
753 722 878 761 quam
898 707 1084 748 Daniam
1103 707 1284 762 plurima

291 782 512 817 transeunt
542 775 729 828 flumina7
768 776 878 816 inter
900 784 1053 820 ,cetera
1083 791 1190 830 quae
1220 775 1283 817 di-

293 845 402 885 eitur
431 844 555 896 Lina,
586 859 692 898 quae
722 845 765 886 in
798 843 971 887 Oceano
1002 844 1252 901 ingreditur.

336 911 402 956 14.
463 911 623 954 Iterum
661 913 714 954 ad
744 920 907 968 partem
938 915 1058 968 quasi
1090 913 1284 955 meridia-

293 998 404 1034 nam,
439 988 486 1023 ut
517 981 705 1024 dieamus
737 982 791 1024 ad
821 983 1170 1038 spatiosissimam
1200 989 1284 1023 ter-

292 1066 396 1104 ram,
426 1058 525 1092 sunt
552 1050 713 1107 patriae
741 1052 1071 1107 spatiosissimae
1093 1066 1200 1105 quae
1221 1050 1284 1092 di-

293 1126 446 1161 cuntur
475 1120 606 1162 Datia
634 1122 770 1176 prima
799 1126 841 1161 et
872 1120 1073 1174 secunda,
1103 1135 1211 1174 quae
1243 1126 1285 1161 et

294 1187 469 1246 Gipidia
500 1191 750 1245 appellatur,
780 1189 854 1231 ubi
883 1188 1009 1231 modo
1029 1189 1120 1231 Uni
1150 1190 1222 1243 qui
1243 1195 1286 1230 et

293 1259 426 1300 Avari
455 1258 705 1300 inhabitant.
768 1274 872 1312 quas
902 1264 1103 1312 utrasque
1131 1258 1283 1299 Datias

292 1328 461 1383 plurimi
491 1327 805 1383 descripserunt
835 1327 1090 1383 philosophi,
1121 1342 1173 1368 ex
1194 1327 1285 1381 qui-

297 1479 311 1506 1
351 1477 488 1514 proferre
514 1477 581 1505 AB.
677 1478 694 1505 2
733 1475 939 1515 problebeata
963 1476 1000 1512 A,
1038 1474 1227 1513 problebata
1253 1475 1283 1504 C.

295 1526 313 1553 3
349 1524 481 1561 parthus
509 1524 542 1552 G.
582 1524 594 1552 Η
629 1533 736 1552 marcu
764 1524 814 1560 Gr,
842 1524 873 1552 in
898 1532 971 1552 arcu
999 1520 1060 1551 be.
1141 1523 1160 1550 4
1192 1531 1285 1550 vene-

295 1573 357 1606 rat]
384 1575 516 1599 noverat
541 1571 569 1598 B
595 1568 650 1599 Gl’f
670 1571 754 1605 editi,
791 1573 945 1599 noverant
980 1569 1031 1598 Gss.
1057 1568 1069 1597 Η
1092 1569 1222 1606 gotthus
1253 1568 1283 1605 C,

293 1617 408 1655 gothos
436 1616 461 1645 G
486 1617 570 1645 editi.
645 1618 661 1645 6
700 1618 988 1646 nordomannorum
1015 1613 1075 1652 G⁶f‚
1108 1615 1286 1644 Nordman-

293 1673 405 1693 norum
431 1663 515 1692 editi.
553 1664 564 1692 ΙΙ
596 1667 669 1700 post
692 1664 967 1693 Nordomanorum
993 1662 1092 1691 Guido
1119 1662 1207 1691 addit
1231 1671 1285 1691 seu

293 1711 533 1748 Warangorum.
608 1712 624 1739 7
646 1714 722 1747 post
737 1711 841 1748 patria
857 1711 1034 1739 intemnittit
1052 1709 1160 1738 Gaulo.
1193 1709 1205 1738 Η
1231 1718 1286 1746 per

295 1767 353 1786 om.
372 1758 429 1786 AB
446 1757 529 1786 editi.
557 1758 568 1785 Η
592 1766 655 1794 qua
672 1758 766 1786 dania
783 1758 820 1785 A.
887 1758 904 1786 9
931 1757 1028 1793 Lina]
1046 1757 1131 1785 Dina
1148 1756 1198 1785 IV
1219 1755 1287 1784 17?

294 1805 305 1834 ΙΙ
324 1807 420 1842 quae]
447 1814 468 1842 q
492 1804 530 1832 B.
568 1804 579 1832 Η
608 1808 684 1841 post
700 1804 873 1842 ingreditur
893 1803 915 1833 C
930 1804 1003 1832 add.
1023 1804 1060 1832 de
1078 1804 1170 1832 dacia
1186 1803 1286 1841 prima

295 1856 326 1881 et
351 1852 497 1881 secunda.
590 1852 629 1879 10
661 1855 765 1889 partes
791 1851 875 1879 editi.
913 1851 925 1879 ll
959 1851 1122 1880 meridiem
1148 1850 1177 1878 B
1202 1850 1284 1878 edici.

298 1900 336 1928 11
376 1898 642 1936 spaciosissimam
672 1897 701 1927 C.
779 1899 817 1926 12
857 1898 1089 1935 spaciosissime
1116 1896 1147 1926 0.
1185 1897 1196 1925 ΙΙ
1230 1905 1286 1925 vo-

295 1950 406 1974 cantur
421 1944 451 1974 C.
512 1946 550 1974 13
579 1946 672 1974 dacia
688 1944 718 1973 C.
745 1945 755 1973 Η
780 1945 881 1982 prima
894 1945 1032 1973 secunda
1044 1944 1111 1972 AB.
1170 1944 1210 1971 14
1239 1944 1285 1980 gi-

295 1993 371 2030 pida
395 1993 432 2020 A.
470 1992 481 2020 ΙΙ
517 1992 610 2021 modo
638 2002 694 2020 om.
724 1990 754 2020 C.
793 1993 804 2020 Η
840 1991 903 2020 Uni
930 1992 982 2028 qui
1008 1994 1039 2019 et
1062 1990 1168 2025 Avari]
1194 1990 1239 2018 sic
1257 1990 1286 2018 B

296 2044 324 2067 et
343 2039 438 2067 Gron.
455 2039 485 2067 1.
506 2039 536 2074 2,
563 2039 639 2067 unni
657 2038 758 2075 iniqui
776 2042 807 2067 et
824 2039 910 2067 avari
930 2037 960 2075 C,
983 2038 1082 2074 iniqui
1101 2040 1132 2065 et
1149 2036 1235 2065 avari
1248 2036 1283 2071 A,

295 2086 392 2114 Avari
418 2090 449 2114 et
478 2086 578 2122 iniqui
614 2085 729 2114 Porclz.
779 2085 790 2114 Η
837 2085 873 2114 cle
898 2086 1012 2120 Datiis,
1047 2082 1180 2120 Gipz'dia,
1212 2083 1286 2112 Um's

296 2132 401 2170 ‘'f-23
430 2132 537 2160 6-10.
648 2132 686 2160 15
727 2132 874 2161 habitant
910 2131 1023 2160 Porch.
1061 2130 1073 2157 Η
1109 2130 1215 2159 <iacias
1254 2129 1284 2159 C.

300 2180 338 2207 16
378 2178 519 2215 plurimi]
547 2178 638 2206 multi
672 2178 756 2206 editi.
