1420 2437
110 195 178 229 330

135 309 155 815 OEqfflwrbwfflb—

114 924 129 1431 ψ-ιι-Δι-ιμ-ιυ-ιι-ιι-ιμ

135 856 155 1431 ΝΙΦΟΊμρωῑῦῠ-*ΦΌ

401 293 633 334 Tarentum

399 362 697 416 Metapontum

401 430 572 471 Eraclia

402 499 558 539 Anival

403 565 567 609 Caulon

401 635 552 678 Locris

403 704 548 747 Sileon

402 774 672 830 Leucopetra

404 843 540 899 Regio
572 843 694 885 Iulia.

262 910 400 966 Supra
421 913 626 967 scriptum
647 918 787 953 autem
810 912 923 953 eirca
942 912 1081 966 ipsum
1096 911 1196 953 litus

204 980 330 1022 maris
363 996 387 1021 a
419 981 590 1022 civitate
612 981 819 1023 Ravenna
847 995 980 1034 usque
1003 980 1057 1021 ad
1077 996 1198 1036 prae-

205 1048 361 1090 dictam
403 1051 617 1091 civitatem
648 1049 786 1106 Regio
826 1048 925 1091 Iulii
965 1056 1063 1091 sunt
1097 1050 1198 1091 civi-

204 1124 313 1159 tates
336 1119 561 1174 sexaginta
580 1134 732 1160 novem
754 1124 795 1159 et
817 1124 1102 1173 supputantur
1121 1119 1198 1160 mi-

204 1186 323 1227 liaria
353 1187 466 1227 mille
499 1187 734 1229 duodecim.

263 1255 331 1296 Ne
363 1256 547 1308 mireris,
579 1272 602 1297 o
634 1256 790 1307 lector,
830 1256 866 1297 si
896 1256 1067 1296 nomina
1097 1256 1199 1297 civi-

203 1330 339 1365 tatum
371 1325 563 1379 superius
596 1340 620 1366 a
649 1324 772 1367 nobis
795 1324 1102 1379 descriptarum
1124 1325 1198 1366 ali-

206 1394 455 1447 quantulum
486 1393 728 1449 discrepent
767 1393 819 1435 ab
858 1393 909 1434 iis
951 1408 1054 1447 quas
1092 1393 1199 1434 infe-

210 1521 224 1548 l
265 1519 435 1548 Tarentum
468 1522 560 1549 etiam
587 1521 654 1550 262
681 1521 700 1549 9
727 1524 755 1549 et
781 1520 816 1556 G,
855 1523 1011 1549 tarentum
1046 1522 1158 1557 (super
1182 1528 1198 1547 e

202 1576 255 1603 pr.
281 1576 362 1595 man.
391 1566 463 1595 add.
489 1567 539 1596 vel
566 1572 601 1603 a)
631 1567 661 1603 C,
687 1571 845 1597 tarantum
863 1567 921 1596 AB
939 1567 1023 1596 editi.
1089 1567 1107 1595 2
1133 1566 1200 1595 Me-

206 1618 374 1651 tapontum
391 1615 482 1642 etiam
501 1614 569 1643 262
595 1615 649 1651 11,
676 1618 877 1652 metapontus
896 1613 932 1643 G.
982 1615 1000 1643 3
1027 1612 1149 1642 eraclea
1169 1612 1198 1650 Ο,

205 1659 354 1689 Heraclia
378 1660 461 1696 editi,
489 1661 645 1690 Heraclea
662 1661 729 1690 262
755 1661 811 1689 12.
886 1661 905 1689 4
930 1659 1056 1690 Aniaba
1074 1659 1141 1689 263
1167 1660 1198 1697 3,

206 1705 336 1736 annibal
364 1706 399 1736 G.
498 1708 515 1737 5
555 1707 678 1737 Cauion
703 1709 794 1736 etiam
821 1708 888 1736 263
916 1707 945 1736 7.
1035 1708 1052 1736 6
1092 1707 1200 1736 Locris

205 1756 298 1783 etiam
317 1753 383 1782 263
401 1754 431 1782 8.
483 1756 500 1783 7
529 1753 636 1783 Sileon
654 1756 746 1783 etiam
761 1754 827 1783 263
846 1756 885 1790 9,·
902 1754 1003 1784 sileon
1020 1753 1121 1783 Sileon
1135 1753 1197 1789 BC,

207 1800 325 1839 Syleon
360 1800 477 1839 Syleon
512 1801 595 1837 editi,
634 1801 775 1830 scilleum
809 1801 844 1830 G.
947 1802 965 1830 8
1003 1801 1201 1838 Leucopetra

207 1849 298 1876 etiam
317 1848 384 1876 263
412 1849 466 1876 10.
529 1848 546 1876 9
573 1849 659 1885 regio
675 1848 755 1877 iulta
772 1848 809 1883 B,
836 1848 936 1886 Regio
954 1847 1030 1877 Iulis
1049 1848 1116 1877 263
1142 1848 1197 1883 11,

205 1895 325 1933 regium
354 1895 388 1923 G.
453 1896 492 1923 10
521 1899 592 1923 ante
610 1894 712 1933 Supra
732 1894 842 1924 Cadd.
860 1898 901 1923 et.
970 1895 1010 1923 10
1039 1896 1079 1924 11
1106 1895 1198 1924 litore

205 1951 289 1970 mare
310 1941 334 1969 G
353 1941 436 1970 editi.
514 1943 552 1970 11
581 1942 708 1971 civitate
735 1952 793 1970 om.
815 1941 845 1971 C.
885 1941 896 1970 ΙΙ
932 1942 973 1970 ad
990 1951 1048 1970 om.
1067 1942 1095 1970 Β
1113 1941 1197 1970 editi.

208 1989 246 2017 11
279 1989 317 2016 12
351 1989 513 2026 praedicta
538 1989 666 2017 civitate
695 1989 719 2017 G
745 1989 829 2017 editi.
905 1989 944 2017 12
979 1988 1100 2026 Rhegio
1125 1987 1198 2016 Iulii

205 2035 288 2064 editi.
353 2036 392 2064 13
420 2036 586 2073 sexaginta
603 2037 733 2071 novem]
755 2044 836 2064 Lxlx
855 2034 885 2070 C,
903 2037 1068 2073 sewayinta
1084 2038 1197 2071 septem

203 2086 285 2110 sunt.
362 2083 400 2110 14
436 2086 508 2119 post
533 2083 700 2111 duodecim
729 2081 751 2111 C
775 2082 846 2110 (ιιΙιΖ.
874 2081 1025 2119 prologus
1049 2081 1196 2110 auctoris.

204 2137 241 2155 ne
268 2129 431 2157 admireris
456 2129 493 2157 de
519 2129 683 2157 vocabulis
708 2129 883 2157 civitatum.
942 2128 981 2157 15
1008 2127 1054 2156 Ne
1079 2127 1199 2156 mireris

206 2195 247 2199 ᾗ
264 2175 325 2203 331
360 2176 397 2202 14
427 2175 625 2212 designemus
651 2185 708 2203 om.
735 2175 792 2203 AB
818 2174 901 2203 editi.
979 2175 1016 2202 17
1056 2174 1116 2203 hiis
1145 2173 1174 2203 C.
