1425 2462
579 187 778 208 PRAEFA'mo.
1138 186 1223 211 xvn

133 288 246 337 ptus,
277 281 456 336 ideoque
479 297 504 322 a
531 281 652 323 nobis
675 282 856 323 omissus
891 282 958 336 (p.
984 281 1069 324 494
1094 298 1133 322 v.
1149 284 1221 337 ἲ),

134 357 186 398 de
218 356 403 398 sedecim
432 357 581 398 Italiae
620 356 848 410 provinciis
881 356 990 411 agit‚
1032 355 1108 398 sed
1139 357 1222 398 alia

132 431 281 472 Italiae
322 430 473 472 divisio
519 431 562 471 in
608 429 846 471 octodecim
886 431 1126 485 provincias
1167 431 1221 472 ad

133 512 317 547 mentem
339 505 601 547 Ravennatis
623 505 766 560 paullo
787 505 897 546 infra
921 505 939 559 (
947 521 988 559 p.
1003 506 1080 548 501
1110 521 1149 546 v.
1166 507 1219 560 7)

133 595 157 620 a
189 578 387 622 Guidone
420 580 684 634 proponitur.

190 654 241 695 In
274 653 569 695 enumerandis
592 654 764 695 Africae
798 654 1042 696 civitatibus
1073 669 1114 709 p.
1134 656 1219 698 520

132 745 170 769 v.
194 730 244 770 10
267 734 429 783 septem
451 728 622 768 nomina
643 744 667 768 a
689 726 888 769 Guidone
911 730 1081 781 omissa,
1112 744 1219 783 quae

131 810 273 844 tamen
296 801 410 857 apud
432 802 724 843 Ravennatem
744 802 958 858 leguntur,
989 804 1032 844 in
1055 802 1222 845 Guido-

131 878 196 919 nis
227 883 474 932 computum
503 876 772 918 adhibentur.

190 952 256 993 Ex
288 952 354 993 his
387 958 427 993 et
459 950 667 992 similibus
698 950 884 992 indolem
907 950 1119 993 Guidonis
1142 952 1219 992 mi-

131 1042 210 1068 nus
242 1026 469 1082 genuinam
501 1040 592 1066 esse
625 1031 814 1080 apparet,
852 1032 893 1066 et
924 1025 1218 1067 Ravennatem

131 1116 182 1142 ne
214 1100 363 1142 Italiae
394 1099 565 1154 quidem
598 1099 924 1154 descriptionem
957 1116 1008 1141 ex
1040 1116 1088 1141 eo
1114 1100 1217 1141 hau-

131 1176 236 1217 sisse
275 1175 540 1231 intelligitur.
609 1189 738 1228 quare
777 1189 826 1215 ea
855 1180 1021 1215 tantum
1054 1190 1075 1215 e
1109 1173 1219 1217 Gui-

132 1249 253 1291 donis
283 1249 415 1301 libro,
456 1264 562 1303 quae
595 1248 650 1290 ad
681 1247 975 1290 Ravennatem
1007 1254 1217 1304 spectant,

130 1339 215 1365 non
246 1339 412 1365 omnem
439 1324 696 1380 farraginem
727 1339 751 1363 a
774 1322 974 1365 Guidone
1006 1324 1217 1365 consarci-

130 1404 273 1439 natam
294 1397 523 1439 lectoribus
545 1413 780 1453 proponere
798 1398 929 1439 satius
946 1397 1185 1439 habuimus.

188 1547 239 1588 In
270 1547 396 1589 rebus
429 1547 725 1604 geographicis
758 1546 1020 1602 explicandis
1052 1546 1096 1587 id
1128 1547 1215 1603 egi—

131 1637 224 1663 mus
256 1629 317 1674 ut,
349 1637 454 1676 quae
486 1622 719 1664 Itinerariis
751 1628 792 1662 et
820 1620 1011 1681 Tabulae
1039 1621 1215 1661 Peutin-

130 1712 312 1754 geranac
335 1711 431 1741 cum
452 1696 692 1740 Ravennati
714 1695 953 1736 communia
974 1700 1129 1746 essent,
1150 1695 1214 1735 in-

132 1771 367 1813 dicaremus
399 1772 560 1823 omnia,
601 1786 652 1811 ex
682 1769 855 1823 reliquis
887 1768 1132 1810 auctoribus
1165 1784 1214 1810 ea

131 1851 297 1886 tantum
343 1860 449 1899 quae
487 1845 641 1886 idonea
676 1843 934 1884 viderentur.
1000 1841 1211 1884 Guidonis

132 1919 300 1960 nonnisi
321 1934 391 1960 eas
412 1919 657 1974 particulas⁷
687 1933 793 1971 quae
815 1917 858 1958 in
879 1916 1119 1958 Ravennati
1140 1916 1212 1958 de-

130 1993 439 2046 desiderantur,
469 1993 580 2034 notis
610 1992 927 2033 illustravimus.

189 2069 324 2110 Maris
345 2068 557 2109 Adriatici
579 2066 920 2122 descriptionem,
951 2064 1005 2106 ad
1026 2072 1210 2105 mentem

131 2143 392 2185 Ravennatis
425 2143 660 2184 confectam
693 2147 735 2182 et
764 2140 989 2195 multiplici
1018 2139 1210 2180 doctrina
