1420 2437
136 134 151 163 Ι
180 135 220 164 18
1186 133 1231 166 39

164 247 179 275 1
228 237 316 272 tam
336 229 551 285 Ispaniam
581 245 715 285 usque
747 230 801 271 ad
831 231 985 272 fretum
1017 231 1132 286 quod
1163 247 1232 273 su-

162 316 180 344 2
229 315 305 355 pra
336 298 520 340 diximus
552 297 991 355 Septemgaditanum.

163 385 181 413 3
276 368 345 412 18.
407 368 465 409 Et
506 383 529 408 a
569 383 765 422 supremo
804 376 851 410 ut
890 369 1080 410 dicamus
1120 375 1231 410 totas

161 452 182 480 4
230 438 390 493 patrias
411 443 473 499 *et
504 437 706 492 plurimas
748 453 891 479 earum
925 439 1117 480 civitates
1159 453 1233 479 seu

163 520 180 549 5
231 506 398 548 diversa
428 506 615 558 flumina,
647 522 753 561 quae
783 522 860 562 per
880 508 1233 561 spatiosissimum

163 589 181 617 6
231 575 437 617 mundum
475 582 705 631 ponuntur,
744 576 938 617 volumus
987 576 1231 632 designare3

164 658 181 686 7
232 645 307 687 sed
339 651 381 686 et
418 646 578 687 insulas
619 651 660 686 et
692 645 979 697 cherronisos‚
1021 643 1233 700 Cycladas

163 727 182 755 8
233 720 272 754 et
306 713 521 769 Sporadas
554 729 626 755 seu
659 713 883 755 Dorcadas
923 729 998 769 per
1028 713 1232 755 mundum

164 795 181 823 9
231 784 392 838 positas
423 784 617 825 volumus
649 782 850 824 indicare.

142 864 182 892 10
291 853 585 894 Potuissemus
625 853 780 893 etenim
813 851 985 893 Christo
1016 851 1139 893 nobis
1171 852 1233 893 iu-

142 933 182 960 11
232 929 359 964 vante
381 921 579 963 subtilius
603 921 743 962 dicere
764 922 895 962 totius
917 921 1064 962 mundi
1085 927 1232 976 portus

143 1000 183 1028 12
234 999 275 1033 et
312 991 602 1047 promuntoria
642 997 768 1044 atque
805 991 915 1031 inter
953 991 1068 1045 ipsas
1108 990 1233 1031 urbes

143 1071 183 1099 13
233 1062 425 1113 miliaria,
456 1060 524 1100 vel
546 1059 757 1113 quomodo
781 1066 959 1101 cunctae
980 1061 1140 1115 patriae
1163 1067 1235 1101 aut

144 1140 185 1167 14
235 1130 415 1184 qualiter
435 1136 652 1184 ponuntur
673 1129 848 1169 mirifice
871 1128 1140 1184 depingendo
1164 1129 1235 1170 de-

144 1207 183 1236 15
235 1200 416 1255 signare.
493 1197 568 1239 sed
607 1198 725 1250 ideo,
770 1205 973 1252 tanquam
1010 1199 1235 1239 lectionem

144 1277 183 1304 16
234 1274 423 1309 nostram
470 1268 817 1323 cosmographiae
865 1268 1129 1308 exactionem
1175 1268 1235 1308 fa-

144 1346 184 1374 17
237 1338 417 1388 cientes,
465 1351 610 1377 omnes
658 1335 973 1392 designationes
1019 1337 1086 1377 vel
1128 1352 1235 1390 quae

144 1414 184 1442 18
234 1406 357 1461 plura
387 1406 558 1446 fuerunt
596 1405 857 1461 polylogiam
888 1406 1099 1461 fugientes
1131 1407 1236 1446 taci-

144 1482 183 1509 19
234 1475 429 1516 turnitati
452 1473 852 1515 commendavimus.
904 1475 1114 1529 praelatas
1136 1490 1235 1515 vero

143 1550 184 1578 20
234 1544 393 1598 patrias
426 1558 654 1596 earumque
685 1543 887 1597 plurimas
929 1543 1121 1584 civitates
1162 1558 1237 1584 seu

143 1620 184 1647 21
234 1611 422 1665 flumina,
443 1618 491 1653 ut
511 1612 796 1667 promisimus,
817 1611 1005 1652 indicare
1027 1613 1235 1653 volumus.

143 1688 185 1716 ‘22
235 1681 376 1722 nullus
407 1687 549 1722 tamen
581 1681 775 1722 aestimet
807 1680 922 1735 quod
953 1680 1140 1722 diversas
1162 1697 1238 1722 no-

241 1831 254 1858 1
293 1830 460 1867 yspaniam
482 1830 515 1865 B,
543 1830 732 1867 Hispaniam
751 1829 835 1858 editi.
928 1830 944 1858 7
985 1829 1181 1858 cheri-enisus
1200 1830 1234 1865 A,

237 1876 418 1905 cheronisos
448 1877 476 1904 Β
507 1877 591 1905 editi.
630 1877 642 1904 Η
682 1876 820 1905 cicladas
851 1877 888 1905 A.
993 1877 1011 1905 8
1057 1876 1234 1912 Dorcadas]

239 1924 257 1951 i.
277 1932 302 1951 e.
329 1922 486 1958 Orcadas3
513 1922 556 1961 cf.
582 1923 610 1951 V
622 1923 664 1951 31
692 1923 746 1951 32.
800 1924 839 1951 11
869 1923 971 1952 tocius
995 1923 1032 1951 B.
1087 1923 1126 1951 12
1165 1932 1237 1961 pro-

238 1970 395 1999 montoria
420 1970 503 1998 editi.
592 1971 632 1998 16
672 1970 865 1998 exactiorem
891 1969 976 1998 editi.
1068 1971 1107 1999 18
1145 1970 1237 2008 poly-

236 2016 324 2054 logia
355 2016 439 2052 editi,
478 2016 665 2054 polilogiam
696 2017 734 2044 Β.
835 2017 874 2045 19
915 2017 1172 2045 comendavimus
1198 2017 1236 2045 B.

239 2064 277 2092 21
313 2064 532 2101 praemisimus
551 2064 588 2092 Β.
665 2063 705 2091 22
740 2064 890 2092 exstimet
907 2064 945 2100 Β,
973 2065 1135 2093 existimet
1152 2064 1236 2092 editi.

238 2111 248 2138 Η
268 2114 346 2148 quot
371 2111 408 2139 B.
