1420 2437
158 156 204 190 ἓ

182 272 201 850 ὮΦ“1Φῧῖνρωῑῦι-Λ

162 890 201 917 10

1160 158 1242 188 110

250 255 457 295 insertum
472 254 693 295 invenistis
711 253 1050 307 quodammodo?
1069 254 1124 296 ad
1143 270 1246 309 quos

251 323 404 363 iterum
421 322 641 363 obviantes
662 323 721 363 illi
739 323 809 363 alii
826 322 1065 378 philosophi
1087 324 1247 375 dieunt,

251 407 327 433 nos
349 392 505 433 nostris
529 391 663 432 oculis
685 406 901 445 nunquam
922 392 1118 444 vidimus,
1151 393 1248 446 quia

252 475 333 501 neo
364 461 621 515 permittitur
651 474 674 500 a
697 459 776 500 deo
796 461 989 503 humanis
1010 461 1153 502 videre
1174 461 1249 502 ob-

252 528 438 569 tutibus:
480 543 578 569 nam
608 529 652 569 in
684 529 893 584 scriptura
923 529 1102 586 legimus
1135 530 1249 584 quod

253 612 379 652 supra
401 596 583 638 diximus
602 597 699 651 quia
720 598 810 649 „sol
826 613 1020 654 egressus
1039 607 1101 642 est
1123 615 1249 655 super

250 673 408 707 terram
431 672 471 706 et
492 666 606 707 Loth
628 667 845 722 ingressus
867 673 931 708 est
947 666 1122 724 Segor.“
1170 669 1249 724 igi-

251 741 322 776 tur
361 735 672 791 interrogamus
710 741 895 776 vestram
936 736 1149 778 solertiam
1187 744 1247 788 ut„

254 803 356 857 quid
398 818 531 857 aquae
571 804 752 845 maxime
798 810 1021 858 puteorum
1066 805 1248 860 hyemali

251 879 440 927 tempore
473 878 571 914 sunt
595 872 784 914 calidae?
817 880 857 914 et
879 874 1038 915 aestivo
1060 881 1246 929 tempore

252 948 401 983 noctes
423 942 605 982 minores
628 941 815 982 existunt
837 948 878 983 et
900 942 962 983 sol
983 958 1120 984 moras
1146 943 1247 983 facit

250 1026 326 1065 per
358 1025 488 1063 aquas
520 1009 790 1062 ambulando,
820 1009 916 1051 ideo
944 1011 1174 1063 calescunt,
1206 1017 1246 1052 et

251 1079 435 1134 hyemali
472 1085 660 1133 tempore
702 1079 881 1121 maiores
921 1079 1022 1121 dum
1061 1080 1247 1121 existimt

251 1154 398 1188 noctes
431 1148 608 1188 celerius
640 1146 703 1188 sol
725 1161 850 1202 snper
879 1163 1008 1202 aquas
1038 1150 1246 1190 transiens

253 1231 323 1257 eas
358 1216 587 1257 calefacere
619 1231 703 1257 non
735 1217 932 1257 occurrit.
994 1223 1249 1273 quapropter

253 1284 410 1325 dieitur
442 1284 555 1338 quod
586 1284 649 1326 sol
681 1284 759 1325 sub
792 1285 1078 1339 profunditate
1119 1301 1247 1339 aqua-

251 1369 346 1394 rum
378 1352 446 1394 dei
477 1354 595 1395 iussu
627 1359 751 1394 nocte
783 1353 1013 1409 gradiatur.
1066 1369 1144 1410 ego
1176 1354 1247 1395 de.-

251 1422 378 1475 nique
409 1422 650 1475 relinquens
673 1422 835 1475 aliquas
856 1422 933 1464 has
955 1423 1246 1464 altereationes

254 1490 350 1531 dieo
385 1490 501 1543 quod
533 1491 766 1532 certissime
798 1507 882 1532 non
903 1491 1009 1532 bene
1032 1491 1148 1533 solvo
1171 1490 1247 1534 Sa-

256 1604 269 1631 l
317 1603 457 1631 insertim
505 1603 599 1631 Gron.
634 1603 665 1631 2.
706 1604 718 1631 ll
763 1604 1012 1640 quodammodo]
1060 1594 1175 1640 quodffi
1210 1604 1246 1634 Α.

253 1653 311 1689 Qd’
330 1644 359 1682 ὅ]
384 1654 421 1682 Β.
488 1655 508 1683 4
534 1654 634 1682 videri
653 1654 738 1682 editi.
768 1655 778 1681 12
813 1655 977 1692 optutibus
994 1654 1058 1689 AB,
1086 1655 1248 1691 qussnpra

253 1701 429 1730 obtutibus.
528 1701 545 1729 6
573 1702 677 1738 supra]
706 1700 750 1729 22
774 1701 806 1729 5.
906 1703 921 1730 7
963 1701 1070 1738 Segor]
1096 1700 1184 1738 legor
1208 1700 1245 1733 Β,

252 1749 283 1776 in
309 1757 400 1785 segor
425 1748 462 1776 A.
560 1748 577 1775 8
604 1750 751 1783 vestram]
766 1750 855 1776 ffram
872 1749 908 1776 A.
1014 1749 1031 1776 9
1065 1747 1193 1776 hiemali
1209 1747 1247 1775 Β.

255 1795 401 1823 10-14
447 1799 478 1822 et
509 1794 630 1823 aestivo
654 1815 698 1819 —
719 1795 859 1823 existunt
888 1796 1012 1830 noctes]
1054 1794 1128 1822 Ideo
1167 1793 1248 1822 cale-

252 1846 343 1870 scunt
356 1840 494 1879 hyemali
514 1845 665 1878 tempore,
689 1842 821 1879 majores
840 1842 912 1870 dum
933 1842 1073 1870 existunt
1086 1845 1194 1870 noctes
1218 1845 1248 1869 et

252 1888 299 1917 sol
325 1897 429 1917 moras
452 1888 529 1916 facit
554 1897 611 1925 per
627 1897 724 1925 aquas
748 1888 949 1924 ambulando,
975 1892 1006 1916 et
1027 1888 1146 1916 aestivo
1173 1892 1249 1916 tem—

251 1944 326 1972 pore
351 1939 461 1963 noctes
486 1935 622 1963 minores
641 1935 714 1963 dum
740 1936 881 1963 existunt
898 1935 987 1963 editi:
1013 1944 1085 1963 nam
1109 1935 1154 1963 sic
1169 1934 1248 1962 Por-

253 1981 404 2009 chermzus
424 1981 520 2009 Iocum
539 1991 654 2010 sanare
674 1983 819 2015 tentavit,-
846 1983 983 2010 inversus
1000 1985 1045 2009 est
1061 1980 1139 2009 ordo
1157 1981 1246 2008 trium

253 2028 457 2056 membrorum
510 2029 550 2062 1)
588 2029 659 2057 ideo
680 2045 723 2050 —
749 2032 873 2063 noctes3
919 2029 958 2063 2)
996 2027 1044 2057 sol
1070 2048 1114 2052 —
1139 2027 1252 2056 ambu-v

251 2073 366 2109 1ando;
404 2074 443 2109 3)
471 2078 501 2103 et
526 2076 852 2104 aestivo—existunt
869 2079 910 2103 et.
968 2075 1005 2103 11
1034 2074 1109 2102 facit
1136 2083 1193 2102 om.
1211 2075 1246 2101 A.

257 2122 295 2149 13
334 2121 461 2149 hiemali
488 2121 525 2149 Β.
