1425 2462
158 216 227 240 ῪΙΙΙ
599 216 798 237 PRAEFATIO.

158 310 335 352 diversis
374 326 398 351 a
437 310 632 352 manibus
671 311 956 366 conscript0s3
1004 310 1134 351 velut-i
1176 311 1239 351 in-

159 392 259 426 sunt
302 382 521 426 Ciceronis
560 382 668 426 Cato
706 385 860 437 maior,
901 385 1109 426 somnium
1147 383 1240 426 Sci-

157 460 310 514 pionis,
333 459 545 500 orationes
568 459 795 500 nonnullae
820 487 872 490 —
900 459 1058 513 scripta
1079 459 1239 512 aliquot

158 533 380 574 Francisci
395 532 652 573 Petra-robae
675 539 715 574 et
732 532 905 573 Nicolai
926 532 977 573 de
997 530 1238 588 Clemangis

159 635 212 638 —
252 606 530 662 Hildegardis
571 606 791 661 prophetie
833 634 886 638 —
918 606 1133 648 Leonardj
1167 606 1240 648 Iu-

158 681 328 722 stiniani
365 680 522 721 Veneti
570 681 651 721 viri
696 680 865 735 patricii
905 678 1056 721 Oratio
1095 680 1240 722 habita

156 755 200 795 in
230 755 376 796 funere
408 755 558 795 Karoli
588 754 693 795 Zeni
725 770 761 795 a.
789 754 913 806 1418,
945 755 1039 795 alia.

216 828 384 870 Harum
407 829 592 883 partium
607 828 811 869 vicesima
834 828 1028 883 septima,
1050 842 1238 870 saec.X1v

157 903 225 944 vel
255 916 324 955 xv,
355 902 602 944 inscribitur
640 900 1004 958 „Cosmographia
1032 901 1238 958 ligydiote

157 977 290 1032 geniti
310 977 354 1017 in
377 977 547 1017 civitate
569 976 817 1018 Ravenna“.
850 977 903 1018 cf.
926 976 1093 1018 Haenel
1115 977 1238 1018 catal.

155 1066 197 1105 p.
216 1050 300 1094 534
317 1050 357 1092 b.
393 1050 677 1106 „lig-ydiota&
705 1066 858 1092 nomen
881 1057 1124 1107 corruptum
1147 1066 1237 1092 esse

157 1140 208 1165 ex
223 1124 441 1166 vocabulis
461 1125 587 1177 „licet
601 1124 758 1166 idiota“
774 1124 873 1179 (IV,
887 1125 953 1168 31.
971 1125 1121 1180 p.258‚
1134 1125 1172 1168 3.
1190 1125 1237 1180 4)

158 1199 321 1240 monuit
342 1198 484 1240 illaria
504 1197 749 1240 Armandus
765 1198 987 1241 Paschalis
1009 1198 1239 1252 d’Avezac,

159 1273 278 1313 cuius
310 1272 564 1329 benignitati
595 1273 789 1314 notitiam
819 1273 944 1315 huius
977 1272 1136 1315 codicis
1167 1273 1240 1314 de-

157 1345 319 1388 bemus.
398 1347 586 1388 continet
624 1346 755 1388 libros
792 1347 986 1399 tertium,
1030 1354 1239 1401 quartum,

158 1420 352 1473 quintum
398 1421 609 1462 auctiores
656 1435 782 1474 quam
828 1421 872 1462 in
912 1422 987 1462 AB
1026 1421 1238 1476 leguntur.

156 1493 270 1534 hunc
311 1494 502 1536 codicem
543 1495 587 1535 in
627 1509 751 1536 usum
786 1503 978 1536 nostrum
1009 1495 1239 1536 accuratis-

157 1568 260 1609 sime
292 1568 479 1610 excussit
511 1567 689 1610 Carolus
710 1568 958 1611 Ludovicus
980 1568 1110 1621 Roth,
1141 1584 1238 1624 pro-

156 1641 291 1682 fessor
319 1642 581 1684 Basiliensis.

217 1715 394 1757 Praeter
423 1722 510 1758 tres
552 1730 657 1770 quos
689 1715 814 1757 modo
847 1717 1136 1758 recensuimus
1169 1731 1239 1758 co-

160 1788 277 1831 dices
316 1791 480 1831 nullum
511 1790 773 1832 Ravennatis
813 1789 968 1831 librum
1007 1791 1238 1846 genuinum

158 1863 346 1905 invenire
397 1864 520 1906 nobis
569 1865 762 1920 contigit.
832 1865 1061 1920 vestigium
1096 1871 1237 1906 tamen

158 1936 384 1979 habuimus
426 1939 565 1992 quarti
599 1938 771 1980 codicis.
832 1939 1013 1995 legimus
1054 1938 1165 1979 enim
1194 1939 1237 1979 in

156 2011 297 2066 regiae
329 2011 603 2054 Monacensis
642 2012 926 2055 bibliothecae
958 2012 1150 2067 catalogo
1188 2011 1238 2053 li-

156 2083 328 2125 brorum
373 2101 501 2127 manu
546 2087 800 2142 scriptorum
844 2087 924 2128 hoc
969 2086 1013 2126 in
1049 2085 1238 2141 margine

159 2157 351 2200 additum
396 2175 523 2202 manu
552 2159 724 2202 Ioannis
756 2159 956 2202 Andreae
987 2158 1236 2202 Sohmelleri
