1420 2437
192 162 261 197 390
1183 163 1214 192 V
1243 165 1282 194 18

218 277 234 305 1
486 260 645 303 Casara

218 346 235 374 2
486 328 649 385 Cataga

218 415 235 442 3
485 396 651 440 Ostana

217 485 236 514 4
488 465 670 521 Ciprusa

218 553 236 583 5
482 535 633 591 Tagna

218 617 235 645 e
255 630 258 632 v
484 602 627 645 Ilodes

217 687 234 716 τ
484 671 763 714 Moreanaxia

216 750 235 778 8
485 740 664 796 Aspiate

217 820 235 846 9
485 807 604 851 Cirta

195 886 235 915 10
485 878 610 919 Tirus

195 957 233 985 11
485 946 692 1002 Mapilide

195 1026 235 1054 12
485 1013 685 1057 Cersonis

195 1094 234 1123 13
484 1084 709 1125 Protarute

195 1162 235 1189 14
483 1153 820 1207 Poleaponessos

195 1231 234 1260 15
486 1220 648 1261 Thilos.

196 1300 236 1328 16
330 1288 398 1332 18.
449 1288 501 1330 In
525 1290 635 1330 colfo
658 1296 799 1330 autem
823 1287 1010 1329 Arabico
1032 1303 1084 1328 ex
1105 1286 1279 1329 Oceano

195 1368 210 1396 μ

219 1368 235 1396 q

286 1357 543 1399 meridianae
575 1359 707 1413 partis
728 1357 980 1413 pertinente,
1011 1363 1051 1397 et
1074 1356 1145 1409 qui
1165 1371 1278 1397 mare

286 1426 480 1468 Rubrum
523 1425 701 1479 dicitur,
741 1432 840 1467 sunt
881 1425 1072 1467 diversae
1103 1425 1279 1477 insulae,

286 1511 337 1536 ex
370 1495 522 1550 quibus
555 1496 794 1549 aliquantas
820 1493 1042 1550 designare
1072 1494 1280 1545 volumus,

284 1564 329 1605 id
359 1571 423 1606 est

483 1632 784 1674 Dionoristene

193 1440 211 1673 vemt-*ta

216 1439 235 1673 ›⁶020oe

288 1759 303 1786 1
331 1756 449 1787 Casara
473 1759 566 1787 etiam
587 1757 658 1786 Ταῦ.
734 1759 753 1786 4
788 1757 933 1796 Cyprusa
962 1758 1035 1787 Tab.
1109 1758 1126 1786 6
1159 1757 1277 1787 Yrodes

287 1804 360 1833 Ταῦ.
450 1805 489 1834 10
531 1801 640 1845 Τύρος
665 1804 791 1833 Strabo.
875 1805 915 1834 12
954 1803 1277 1843 Cersouislfortasse

283 1847 537 1896 Χερσόννησος
574 1848 667 1895 ἄκρα
704 1850 787 1880 Ptol.
912 1852 951 1880 13
995 1851 1157 1880 Pertarute
1193 1851 1276 1880 editi.

288 1899 329 1927 14
366 1898 460 1936 polea
493 1907 644 1937 ponessos
685 1897 708 1927 C
742 1898 831 1934 editi,
881 1898 1162 1936 p.l.apon.nos
1203 1897 1275 1926 Tab.

288 1945 327 1973 15
367 1945 476 1975 Thilos
508 1947 600 1974 etiam
627 1945 719 1981 Tab.,
759 1944 854 1974 thilor
884 1945 927 1981 A,
964 1944 1040 1974 tilor
1070 1945 1114 1980 B,
1152 1954 1209 1973 om.
1243 1942 1274 1980 C,

283 1991 380 2029 Tylos
406 1992 489 2029 editi,
531 1989 636 2025 Τύλος
659 1992 788 2021 Arrian.
814 1991 898 2021 Ptol.
924 1991 990 2021 alii.
1029 1991 1040 2020 ΙΙ
1070 1996 1144 2029 post
1168 1989 1275 2020 Thilos

288 2037 311 2067 C
335 2038 408 2067 add.
436 2040 473 2068 de
499 2039 613 2078 colpho
631 2038 758 2068 arabico
777 2047 817 2068 ex
841 2048 976 2068 occeano
992 2039 1162 2068 meridiane
1179 2038 1276 2075 partis

288 2086 475 2120 pertinente.
575 2087 616 2115 16
656 2085 691 2114 In
724 2094 784 2114 om.
815 2086 872 2115 AB
899 2086 983 2115 editi.
1045 2085 1056 2113 ΙΙ
1114 2083 1227 2121 colpho
1256 2082 1279 2113 C

283 2130 294 2159 Η
312 2132 430 2161 aribico
457 2133 493 2161 Β.
