1420 2437
90 151 136 181 IV
163 153 205 181 34
1109 151 1178 186 279

112 264 126 291 1

111 332 128 360 2

83 438 89 440 ,
110 401 128 429 3

110 469 129 497 4

111 537 128 565 5

111 606 129 634 6

113 675 129 702 7

113 743 130 771 8

113 813 130 840 9

92 882 131 909 10

92 950 129 978 11

93 1019 131 1047 12

94 1088 132 1116 13

93 1155 134 1183 14

179 247 325 289 ritorio
367 263 494 303 supra
534 249 718 304 scriptae
758 250 941 291 civitatis
985 283 993 290 .
1020 282 1029 290 .
1055 282 1063 291 .
1088 283 1096 291 .
1133 251 1177 291 in

179 317 272 372 ipsa
302 317 474 374 regione
505 317 550 359 id
581 324 645 360 est

378 387 580 428 Balarum

381 455 532 498 Crater

380 525 577 569 Silaceon

382 593 612 637 Cocineon.

241 665 351 707 Item
381 666 501 706 iuxta
532 679 659 719 supra
681 663 882 718 scriptam
905 663 1085 706 Romam
1117 670 1181 706 est

183 735 333 776 civitas
366 748 472 788 quae
505 733 661 774 dicitur

380 802 654 844 Nomentana

381 871 531 925 Aquas
562 870 743 912 Albulas

380 939 517 982 Tibur

381 1009 533 1050 Bariae

381 1078 570 1120 Laninas

384 1147 505 1189 Rane

190 1330 203 1357 1
245 1337 339 1366 supra
372 1329 508 1366 scriptae
541 1328 680 1357 civitatis
708 1329 778 1364 ...]
812 1328 951 1357 civitatis
983 1328 1183 1366 Tauritanae,

186 1385 266 1413 quae
299 1378 345 1405 est
376 1376 409 1404 in
441 1375 534 1404 litore
566 1375 660 1404 maris
687 1374 804 1404 Gallici
829 1384 884 1404 seu
909 1375 1042 1413 Tyrreni
1069 1375 1185 1411 Gamo,-

186 1423 346 1451 Tauriana
357 1431 460 1460 prope
479 1421 593 1460 Agello
613 1421 728 1461 Zeyz’lur
745 1431 842 1459 supra
860 1422 927 1451 263
954 1422 1014 1458 14‚·
1041 1422 1186 1451 lacunam

186 1471 217 1498 m
243 1469 332 1498 editis
357 1469 528 1498 inchoatam
555 1468 630 1498 libra·
654 1479 725 1498 mss.
750 1479 812 1497 non
838 1469 962 1498 habent.
1038 1470 1111 1498 1-3
1152 1470 1184 1499 111

188 1516 481 1554 ipsa—Baiarum]
514 1519 545 1545 et
576 1521 746 1554 supersunt
775 1516 921 1546 civitates
946 1517 977 1546 in
1003 1517 1114 1546 eadem
1139 1526 1186 1546 re-

188 1564 281 1601 gione
312 1563 474 1592 Ballarum
507 1563 539 1592 id
570 1566 617 1592 est
648 1563 760 1592 Billari
796 1563 905 1592 Guz'do.
980 1564 998 1592 2
1032 1567 1107 1601 post
1138 1573 1186 1592 re-

187 1610 280 1648 gione
312 1610 386 1639 editi
417 1610 536 1639 addunt
569 1612 659 1646 [sunt
690 1610 864 1646 civitatesl.
963 1612 980 1639 3
1018 1610 1184 1646 Balarum]

187 1653 349 1700 Βαλαρὸς
373 1653 478 1699 λιμήν
514 1658 649 1694 Appian.
739 1657 760 1686 4
798 1656 924 1693 Crater]
957 1656 1001 1696 cf.
1028 1657 1095 1686 278
1128 1657 1183 1694 11,

188 1702 303 1732 Cratea
322 1703 373 1732 Gr.
439 1705 456 1733 5
484 1704 667 1733 scillaceum
686 1704 755 1739 GM,
782 1704 958 1733 scillacium
978 1702 1028 1741 G'¹‚
1055 1704 1186 1741 squillam

188 1750 271 1778 cium
288 1747 334 1786 Gs‚
354 1749 485 1779 Scilatio
508 1751 592 1786 Tab„
619 1750 765 1789 Scylacio
783 1751 855 1780 Ant.
917 1752 935 1780 6
963 1752 1133 1780 coccineon
1148 1752 1185 1787 A,

189 1797 365 1825 coccinium
393 1795 476 1833 (ΗΜ,
503 1798 659 1826 cocimum
687 1795 732 1833 GC
760 1797 894 1827 Cocinto
920 1797 994 1826 Ant.
1070 1799 1088 1827 9
1122 1798 1186 1827 No-

188 1845 352 1879 montana]
379 1843 537 1872 Nomento
560 1848 589 1873 et
605 1843 667 1872 Via
682 1844 884 1873 Numentana
905 1844 989 1880 Tala„
1016 1843 1059 1883 cf.
1076 1844 1185 1873 Guido.

191 1891 232 1920 10
258 1890 367 1927 Aquas
379 1889 532 1926 Albulas]
552 1891 591 1919 ad
610 1899 708 1928 aquas
725 1890 850 1919 albulas
868 1890 940 1919 Tah.
1010 1892 1048 1920 ll
1076 1892 1186 1920 Tiburi

188 1938 272 1973 Ant„
300 1937 409 1966 Tibori
439 1937 512 1965 Tah.
588 1937 627 1965 12
654 1937 741 1965 bario
768 1935 908 1973 BCGbmr,
935 1937 1022 1968 batie
1049 1937 1095 1975 Gs,
1122 1939 1186 1968 Va-

189 1985 254 2013 riae
292 1983 376 2020 Tab„
418 1993 498 2012 nunc
531 1984 700 2013 Vicovaro.
808 1985 847 2013 13
884 1983 999 2015 lanitas
1037 1985 1066 2013 B
1101 1985 1185 2021 editi,

188 2031 312 2060 lamnas
332 2030 404 2059 Glmr
422 2040 488 2059 cum
512 2030 584 2059 Tab.
662 2031 702 2058 14
728 2030 832 2066 Ranel
859 2041 971 2062 rannes
991 2030 1037 2068 Gf,
1063 2041 1186 2062 ramnes

193 2093 262 2129 ΘΜ,
306 2080 420 2123 τειηηὲς
448 2091 497 2128 Gb,
536 2093 572 2122 In
598 2096 704 2122 monte
730 2094 819 2131 grani
850 2093 921 2123 Tab.
