1420 2437
189 206 256 239 100

213 321 233 897 Φαι“ΙΦῡῑὺρΟὒὶΟᾺ-’

194 939 210 1446 ι-ιν-ιμο-ψ-ιι-ιν-ιι-ι

216 937 236 1445 ηαυιᾼωιθν-Φ

1178 206 1277 236 1117

483 303 596 346 Sileo

483 373 621 414 Tilam

481 443 682 483 Amastra

483 512 588 552 Tice

484 578 639 621 Cereas

482 648 695 689 Milethon

482 718 671 758 Armone

482 786 631 842 Sinopi

484 854 672 911 Cyptasa

484 923 646 966 Carusa

485 992 689 1048 Orgivate

484 1062 646 1118 Agoria

484 1131 630 1187 Ielega

454 1208 457 1211 ⁴
484 1200 730 1241 Nautamno

486 1270 657 1310 Aezene

487 1338 660 1379 Amisos

487 1407 667 1447 Ancona

289 1486 303 1513 1
346 1483 453 1514 Sileon
484 1483 513 1512 V
533 1484 564 1519 9,
604 1481 764 1520 scylleum
794 1482 866 1511 Ταῦ.
988 1485 1005 1512 2
1045 1484 1165 1521 Tilam]
1199 1485 1280 1514 Tion

286 1531 375 1567 editi,
401 1535 435 1559 ut
466 1530 494 1559 V
515 1531 545 1566 9,
572 1529 664 1557 Tium
695 1528 767 1557 Ταῦ.
849 1530 866 1557 3
904 1529 1052 1559 Amastra
1076 1533 1167 1560 etiam
1199 1532 1226 1560 V
1247 1534 1278 1562 9.

285 1578 439 1607 Mastrum
469 1576 540 1606 Ταῦ.
628 1576 648 1604 4
684 1575 768 1613 Tyce
800 1575 828 1603 Γ
848 1576 902 1612 10,
929 1576 1033 1614 Tycae
1057 1578 1131 1606 editi
1156 1583 1185 1607 et
1206 1578 1278 1608 Ταῦ.

288 1625 305 1653 5
345 1623 459 1654 cereas
485 1625 573 1652 etiam
604 1622 677 1651 Ταῦ.
702 1626 736 1650 ut
769 1622 795 1651 V
815 1623 870 1650 10.
991 1624 1009 1652 6
1046 1624 1181 1654 Mileton
1205 1625 1280 1654 editi

286 1675 320 1700 ut
353 1671 379 1699 V
400 1671 454 1706 10,
491 1669 601 1699 Mileto
639 1668 711 1697 Ταῦ.
835 1670 851 1697 T
889 1668 1027 1699 Armone
1052 1673 1144 1700 etiam
1176 1671 1204 1700 V
1223 1673 1295 1711 10„

287 1717 360 1746 aliis
377 1719 523 1746 Armene.
585 1717 604 1745 8
643 1714 755 1752 Sinopi
773 1716 864 1744 etiam
890 1716 917 1745 V
930 1717 984 1753 10,
1010 1718 1130 1756 sinopis
1146 1718 1175 1747 B
1193 1719 1278 1748 editi.

289 1765 306 1793 9
347 1763 497 1802 Cyptasa]
517 1762 669 1800 Cloptasa
696 1761 768 1791 Ταῦ.
793 1766 828 1791 ut
850 1762 877 1790 V
897 1764 951 1799 10,
978 1766 1170 1796 Κυπτασία
1194 1765 1278 1795 Ptol.

290 1812 330 1840 10
358 1810 479 1840 Cal-usa
495 1811 588 1839 etlam
612 1809 639 1837 V
659 1810 713 1845 10,
741 1807 814 1837 aliis
832 1809 975 1840 Carussa.
1045 1813 1084 1841 11
1113 1813 1278 1850 orgiuuate

288 1858 315 1886 B
341 1858 424 1893 editi,
451 1857 603 1895 Orgibate
634 1856 706 1885 Ταῦ.
731 1859 766 1884 ut
798 1856 824 1884 V
845 1857 898 1885 10.
981 1858 1021 1887 12
1058 1858 1193 1897 Agoria]
1219 1859 1279 1888 Zo-

288 1905 373 1933 coria
404 1904 432 1931 V
452 1905 506 1939 10,
533 1903 664 1932 Zacoria
689 1903 762 1931 editi
785 1907 819 1931 ut
849 1903 921 1932 Ταῦ.
1021 1906 1060 1934 13
1099 1904 1217 1943 Lelega
1240 1907 1276 1941 A,

288 1951 412 1988 Helega
437 1951 511 1979 editi
534 1955 568 1979 ut
590 1950 673 1985 Ταῦ..
699 1949 797 1978 Eleea
821 1950 847 1977 1⁷
868 1951 924 1978 10.
999 1952 1040 1980 14
1066 1956 1214 1980 autamno
1240 1954 1277 1984 A,

288 1998 468 2035 Nautagmo
493 1996 541 2026 vel
557 1997 738 2034 Nautagino
770 1997 852 2033 Tab.7
880 1994 1122 2040 Ναύσταθμος
1146 2000 1278 2026 Art-iani

287 2043 413 2080 per-ild„
440 2043 623 2073 Nuccamon
656 2044 682 2072 V
703 2044 755 2072 10.
833 2045 871 2073 15
899 2044 1004 2073 Ezene
1026 2044 1098 2073 Ταῦ.
1116 2048 1150 2072 ut
1174 2044 1202 2072 V
1222 2046 1275 2080 10,

290 2085 436 2129 Εὖσήνη
464 2090 546 2118 Ptol.
638 2091 677 2119 16
715 2090 857 2119 Amissos
882 2091 956 2119 editi
979 2095 1011 2119 ut
1035 2091 1062 2118 V
1082 2091 1135 2125 10,
1162 2091 1277 2120 Missos

295 2136 365 2164 Ταῦ.
432 2138 471 2164 17
509 2136 638 2165 Ancone
663 2137 690 2164 V
711 2137 764 2171 10,
790 2136 900 2166 Ancon
924 2137 1005 2171 Ταῦ..
1032 2134 1278 2180 Λευκοσίτρων

290 2178 421 2225 Άγκών
446 2182 528 2211 Ptol.
