1420 2437
122 182 167 212 IV
198 183 235 211 14
1139 176 1209 211 203

146 295 159 322 1

142 707 158 734 -1
141 639 158 667 Φ
141 571 159 599 <7⁸
142 503 160 530 »δὴ
143 434 160 461 w
143 364 160 391 to

141 776 159 803 00

120 912 158 940 10

120 982 158 1009 11

121 1050 159 1077 12

120 1119 158 1147 13

120 1188 160 1216 14

118 1259 157 1287 15

120 1328 158 1356 16

118 1398 158 1425 17

120 1466 158 1494 18

214 278 293 320 bus
317 293 396 334 ego
418 277 503 334 legi
523 276 722 318 Menelao
743 282 784 318 et
805 276 1103 318 Aristarchum
1119 275 1208 318 Go-

212 348 384 389 thorum
413 345 709 402 philosophos3
751 344 826 387 sed
865 360 944 401 ego
975 344 1208 387 seeundum

211 415 457 459 Sardatium
498 416 612 471 ipsas
655 415 814 470 patrias
856 413 1089 470 designavi.
1163 415 1206 456 in

212 500 315 540 quas
351 486 570 527 Dacorum
607 485 766 539 patrias
805 483 1038 537 antiquitus
1077 483 1207 538 pluri-

211 569 300 596 mas
332 554 463 596 fuisse
496 553 688 594 civitates
726 553 930 610 legimus,
970 567 1022 594 ex
1053 552 1205 607 quibus

211 623 449 677 aliquantas
481 621 705 678 designare
735 623 944 675 volumus,
975 622 1020 663 id
1051 628 1115 664 est

409 691 616 733 Drubetis

410 759 594 802 Medilas

409 829 631 871 Pretorich

410 899 605 940 Panonin

412 966 632 1009 Gazanam

410 1036 650 1078 Masolunis

410 1105 546 1159 Tibis⁷
579 1122 686 1161 quae
720 1105 991 1160 coniungitur
1022 1119 1117 1146 oum
1150 1105 1207 1146 ci-

210 1175 340 1216 vitate
372 1174 587 1231 Agmonia
618 1175 779 1231 patriae
810 1173 992 1230 Mysiae.

268 1243 377 1285 Item
417 1243 472 1285 ad
513 1244 638 1286 aliam
675 1250 839 1299 partem
879 1250 978 1284 sunt
1014 1243 1206 1284 Civitates

209 1314 253 1355 in
284 1314 400 1369 ipsas
431 1313 599 1365 Datias,
630 1313 676 1354 id
708 1319 772 1355 est

408 1382 542 1423 Tema

411 1450 630 1493 Tivisoum

213 1559 227 1586 1
257 1559 481 1588 aristrarchum
500 1560 537 1588 A.
575 1560 587 1587 ΙΙ
623 1563 784 1597 gottorum
804 1557 835 1595 C,
863 1557 1055 1588 Graecorum
1082 1558 1147 1587 200
1174 1558 1204 1587 4.

212 1607 230 1634 3
258 1604 450 1642 Sardatium]
471 1605 661 1636 Sardonium
676 1606 741 1635 200
769 1605 790 1634 3
815 1605 836 1634 5
854 1605 878 1642 (j-
895 1605 960 1634 201
988 1605 1032 1634 1?
1080 1607 1097 1635 7
1124 1605 1204 1635 Dru-

209 1652 293 1681 betis
318 1654 412 1682 etiam
430 1653 517 1690 Tab„
543 1654 686 1682 Drobeta
711 1653 834 1682 Nomia
851 1653 936 1692 diyn.
1010 1654 1028 1682 8
1054 1652 1205 1688 Medilas]

210 1699 353 1728 medulas
377 1700 477 1738 (corr.
490 1700 637 1738 medilas)
660 1700 690 1737 C,
716 1700 767 1729 Ad
785 1700 923 1729 mediam
944 1699 1018 1729 Tab.
1093 1700 1110 1728 9
1138 1708 1206 1737 pre-

210 1746 334 1774 thorich
365 1745 395 1783 C,
432 1746 594 1777 Praetorio
622 1748 705 1785 editi,
743 1747 885 1776 Pretorio
917 1746 989 1775 Tab.
1070 1747 1109 1775 10
1148 1746 1206 1775 Pa-

210 1793 325 1828 nom'n]
351 1791 402 1822 Ad
426 1795 605 1831 pannonios
635 1794 708 1823 Tab.
784 1796 822 1823 11
853 1793 1032 1829 Gazanam]
1067 1791 1207 1830 Gaganis

216 1839 290 1868 Ταῦ.
360 1840 398 1868 12
425 1840 614 1870 Marsclunis
631 1841 716 1877 editi,
742 1840 926 1869 Masclianis
950 1840 1023 1868 Tab.
1087 1841 1127 1868 13
1154 1840 1207 1868 Ti—

212 1887 278 1923 bis]
305 1886 412 1915 limbis
439 1886 469 1923 G,
502 1888 629 1916 Tiuisco
661 1889 748 1916 iuxta
772 1886 957 1916 Masclianis
994 1886 1067 1915 Tab.
1105 1886 1116 1914 ΙΙ
1152 1887 1205 1924 qui

212 1934 241 1962 B
267 1933 350 1962 editi.
387 1934 399 1962 ΙΙ
434 1934 670 1972 coniunguntur
697 1933 727 1963 C.
804 1934 844 1962 14
876 1933 1057 1971 Augmonia
1082 1933 1149 1962 189
1176 1934 1205 1962 7.

211 1981 223 2010 Η
243 1981 332 2010 misle
358 1980 425 2016 AB,
462 1980 575 2010 Misiae
608 1981 722 2010 Porch.
803 1981 842 2009 16
883 1980 959 2018 ipsis
984 1980 1090 2010 Datiis
1121 1981 1205 2010 editi.

211 2029 223 2057 ΙΙ
241 2028 349 2057 dacias
377 2026 408 2057 C.
491 2029 531 2056 17
570 2028 677 2056 thema
705 2026 734 2064 C,
773 2037 831 2056 om.
858 2026 941 2062 editi,
980 2037 1047 2056 cum
1070 2031 1207 2066 sequenti

211 2077 401 2115 coniungunt
425 2074 524 2112 ABG,
561 2084 642 2103 nunc
671 2083 780 2104 ‘nomen
809 2073 901 2113 fluvii
932 2078 961 2103 et
990 2076 1128 2113 regionis
1162 2080 1207 2105 est

211 2123 332 2153 Temes.
410 2123 448 2151 18
476 2123 624 2152 tiniscum
642 2122 677 2159 A,
703 2121 830 2151 Tiuisco
857 2123 942 2150 iaz-ta
968 2121 1072 2160 Caput
1096 2122 1207 2152 bubali

216 2169 288 2199 Tab.
