1420 2437
230 209 299 243 246

258 323 276 760 «lmfflss—wmtd

259 801 276 896 2000

238 936 276 963 10

237 1006 275 1034 11

238 1075 277 1103 12

238 1143 278 1172 13

239 1212 278 1239 14

238 1281 278 1310 15

239 1350 278 1378 16

239 1421 278 1448 17

1206 209 1250 238 IV
1277 209 1318 238 29

389 307 472 347 Per
494 321 619 361 quam
640 306 899 361 provinciam
920 304 1207 360 Septimanam
1228 306 1321 360 plu—

326 376 432 417 rima
461 374 635 416 flumina
655 380 890 427 transeunt,
920 375 1030 416 inter
1051 381 1191 415 cetera
1214 389 1320 428 quae

327 443 526 485 dicuntur

527 509 669 553 Orobs
701 517 743 552 ct

524 579 665 632 Edas,
706 580 778 633 qui
808 578 1104 635 ingrediuntur
1134 579 1177 620 in
1208 593 1322 619 mare

328 648 555 690 Gallicum.
615 654 731 690 terus
763 647 1072 689 Narbonensis.

378 716 448 759 29.
508 716 619 757 Item
634 717 735 758 litus
752 732 865 758 mare
883 715 1112 769 Gallicum,
1143 715 1197 756 ad
1211 716 1324 757 fron-

327 792 413 826 tem
453 800 580 840 supra
619 786 803 840 scriptae
842 785 1085 840 provinciae
1115 783 1323 839 Septima-

327 870 420 907 nae,
460 854 613 895 iterum
644 853 699 895 ad
732 854 914 896 frontem
945 853 1183 895 antedictae
1214 853 1323 894 Bur-

328 922 512 979 gundiae
544 929 608 964 est
627 923 765 978 patria
785 922 1048 964 nobilissima
1078 929 1120 964 et
1151 922 1320 963 omnino

328 991 477 1033 fertilis
510 1006 616 1045 quae
639 991 796 1032 dicitur
815 990 969 1032 Italia*
1008 1006 1133 1045 quam
1154 990 1323 1032 Italiam

328 1060 499 1115 plurimi
531 1060 847 1115 descripserunt
871 1059 1126 1115 philosophi,
1158 1075 1210 1100 ex
1232 1059 1323 1113 qui-

328 1129 408 1170 bus
441 1144 520 1184 ego
550 1129 635 1185 legi
656 1130 900 1170 multotiens
922 1128 1060 1170 dictos
1083 1126 1323 1170 Castorium

331 1204 372 1238 et
392 1197 634 1238 Lollianum
666 1203 791 1251 atque
820 1197 1089 1238 Arbitionem
1110 1196 1323 1238 Romano-

329 1282 421 1307 rum
451 1266 725 1321 philosophos
757 1272 799 1307 et
830 1282 957 1321 supra
979 1266 1184 1320 scriptum
1205 1265 1323 1306 Ana-

329 1334 468 1376 ridum
498 1342 539 1376 et
560 1334 844 1376 Eldebaldum
871 1342 997 1389 atque
1019 1334 1323 1375 Marcomirum

331 1403 572 1446 Gothorum
601 1404 889 1459 philosophos.
951 1403 1027 1445 sed
1055 1419 1140 1445 non
1170 1418 1324 1457 aequa-

334 1488 347 1514 1
389 1486 447 1514 Per
479 1495 571 1523 quam
605 1487 801 1524 provinciam
834 1485 1051 1523 Septimanam
1083 1494 1141 1514 om.
1166 1485 1238 1521 AB,
1278 1483 1321 1523 cf.

331 1533 397 1561 245
426 1533 445 1561 6
471 1537 576 1561 (munt.
650 1534 667 1561 2
706 1536 869 1562 transeunt
895 1542 953 1561 om.
978 1532 1025 1567 B,-
1056 1530 1099 1570 (f.
1121 1532 1184 1560 245
1213 1533 1232 1560 6
1267 1541 1323 1559 αη-

329 1584 393 1609 not.
466 1581 486 1608 4
525 1580 630 1609 oriobs
651 1580 680 1616 C,
715 1579 808 1609 Orbis
826 1578 922 1615 Mela,
940 1574 1059 1622 ’Ὁρβις
1075 1579 1202 1614 Strabo,
1230 1573 1323 1622 Ὀρό-

326 1630 406 1669 βιος
442 1627 610 1668 ποταμοῦ
647 1623 795 1668 ἐκβολαί
833 1625 916 1655 Ptol.
1015 1626 1031 1654 5
1077 1626 1176 1660 Edas]
1216 1624 1320 1660 Adax,

328 1674 415 1702 Atax
441 1673 523 1702 aliis.
565 1673 576 1702 ll
612 1673 786 1711 ingreditur
811 1672 865 1701 BC
888 1672 970 1701 editi.
1046 1673 1063 1701 6
1102 1674 1204 1708 terus]
1235 1672 1323 1701 lacus

330 1720 414 1749 editi.
520 1721 536 1748 7
581 1729 665 1748 mare
697 1719 811 1757 gallico
846 1719 918 1756 AB,
957 1719 1052 1747 maris
1085 1717 1199 1748 Gallici
1237 1718 1322 1747 editi.

331 1769 349 1796 8
381 1770 453 1804 post
477 1767 660 1804 provinciae
689 1765 712 1795 C
735 1766 807 1795 add.
835 1767 871 1794 (le
896 1765 997 1804 ytalia
1019 1765 1218 1795 nobilissima
1242 1766 1321 1794 eius-

331 1823 389 1852 que
414 1814 586 1851 provinc-ijs
611 1822 705 1842 xvm.
743 1813 754 1842 l!
791 1812 992 1850 Septimanae
1017 1821 1075 1841 om.
1104 1812 1134 1842 0.
1209 1813 1226 1841 9
1249 1816 1323 1849 post

330 1862 464 1890 frontem
490 1860 564 1889 editi
581 1860 699 1889 addunt
717 1869 811 1897 supra
828 1860 972 1897 scriptae,
999 1859 1028 1887 B
1045 1859 1117 1887 add.
1135 1859 1320 1897 supseripte,

332 1907 355 1936 C
378 1908 466 1936 addit
491 1908 699 1945 superscripto
724 1907 784 1938 vel.
824 1906 836 1935 ΙΙ
870 1907 1046 1944 burgondie
1071 1906 1110 1934 Β.
1189 1906 1228 1934 10
1267 1914 1322 1942 pa-

331 1955 406 1990 tria]
422 1954 470 1983 hic
485 1954 604 1982 accedit
619 1954 728 1983 Gzcz'do.
755 1953 766 1982 ΙΙ
791 1955 936 1989 omnino]
954 1954 1059 1982 omino
1072 1953 1111 1981 B.
1164 1953 1202 1980 11
1221 1951 1323 1989 ytalia

330 2003 355 2030 A
374 2001 422 2029 hic
440 2005 468 2029 et
484 2002 617 2037 saepius.
643 2001 654 2029 ΙΙ
677 2000 809 2038 ytaliam
825 1999 848 2029 C
860 2005 888 2029 et
899 2001 944 2028 sic
958 1999 1108 2036 deinceps.
1176 1999 1215 2027 13
1243 1997 1322 2026 mul-

330 2049 450 2076 tociens
484 2047 519 2082 C,
563 2047 724 2077 multoties
757 2047 841 2075 editi.
883 2046 894 2075 ll
931 2047 1048 2080 dictos]
1087 2046 1205 2074 dictum
1237 2045 1320 2073 editi.

329 2095 340 2122 ΙΙ
359 2095 533 2123 kastorium
561 2094 592 2123 C.
685 2095 724 2122 14
762 2093 914 2123 lolianum
939 2093 996 2122 ΑΒ
1021 2091 1103 2121 editi.
1142 2091 1153 2119 ΙΙ
1188 2091 1322 2121 arbicio-

330 2150 401 2169 nem
434 2140 463 2169 C..
502 2142 512 2168 Η
549 2150 605 2178 sup
633 2141 785 2178 seriptum
825 2140 855 2170 C.
955 2140 995 2168 16
1032 2138 1253 2167 marcl‘lmiruu]
1291 2137 1320 2167 C.

334 2188 372 2214 17
412 2188 593 2224 gotthorum
622 2187 652 2215 C.
690 2187 702 2215 ll
736 2195 799 2216 non
825 2196 882 2215 om.
901 2187 937 2214 B.
