1420 2437
139 174 186 204 III
213 176 230 204 6

162 839 178 866 20
162 770 179 797 α’
164 701 180 728 *l
164 631 180 659 03
164 561 180 587 U·
162 492 180 519 »ᾖ
162 425 180 452 0³
163 356 179 383 Ns
168 288 179 314 ν·-

141 907 180 935 10

140 976 178 1005 11

140 1046 178 1074 12

139 1115 179 1144 13

139 1184 178 1212 14

139 1254 178 1282 15

140 1324 177 1352 16

138 1393 177 1420 17

137 1461 176 1489 18

1157 177 1219 209 151

428 272 713 314 Lambafudin

427 341 610 384 Libiana

429 411 538 452 Vico
570 411 719 452 Aureli

430 478 635 522 Germani

431 549 688 592 Thebesthe.

289 616 398 658 Item
438 617 492 659 ad
531 619 656 660 aliam
690 624 854 673 partem
886 625 983 660 sunt
1016 619 1222 672 Civitates,

230 686 272 727 id
306 693 369 728 est

429 755 637 796 Thuraria

429 823 651 866 Thoburbi
682 825 820 866 minus

430 891 616 934 Chulear

427 961 688 1003 Elefantaria

428 1031 588 1072 Zieella

429 1099 615 1141 Adviam

426 1169 579 1210 Mistin

428 1237 638 1279 Theblata

426 1306 537 1348 Vico
568 1307 694 1349 Austi

429 1373 553 1417 Catia

425 1444 672 1486 Drusiliana

230 1599 243 1626 1
278 1597 458 1627 Labafudin
484 1599 568 1635 editi,
606 1599 797 1629 Lambasudi
829 1599 901 1628 Ταῦ.
988 1601 1005 1628 2
1037 1600 1164 1630 labiana
1190 1601 1217 1629 B

226 1644 310 1680 editi,
334 1644 471 1674 Liviana
500 1646 572 1675 Ταῦ.
647 1647 666 1675 3
693 1646 772 1676 Vico
793 1646 902 1675 Aureli
927 1649 1020 1675 etiam
1042 1647 1126 1682 Ταῦ.,
1152 1649 1219 1676 vic-

226 1691 324 1720 aureli
351 1691 381 1721 C.
467 1694 487 1721 4
512 1693 563 1722 Ad
589 1694 730 1731 germani
760 1694 843 1730 Tab„
879 1693 1120 1723 Germaniciana
1145 1696 1216 1722 Ant.

228 1738 246 1766 5
280 1737 435 1767 Thebeste
462 1739 546 1775 editi,
583 1740 739 1769 Theveste
765 1741 838 1769 Ant.
864 1745 893 1769 et
914 1741 987 1769 Ταῦ.
1076 1742 1094 1769 8
1133 1741 1217 1769 Thu-

226 1784 307 1813 raria
333 1786 423 1813 etiam
445 1786 528 1822 Ταῦ.,
555 1787 688 1825 Tyraria
713 1787 781 1816 142
810 1788 863 1816 13.
938 1789 955 1816 9
982 1787 1134 1816 thoburbi
1160 1788 1218 1816 mi-

226 1840 283 1860 nas
307 1830 399 1868 ABG,
425 1832 695 1862 Thuburbiminus
723 1834 806 1869 Tab„
838 1834 991 1863 Tuburbo
1016 1835 1119 1862 minus
1144 1835 1216 1862 Ant.
1261 1852 1266 1856 -

230 1878 270 1906 10
310 1877 425 1907 Clucar
453 1878 538 1914 Tab.⁷
577 1879 745 1909 Cluacaria
773 1881 844 1909 Ant.
944 1882 982 1909 11
1021 1880 1217 1910 Elefantaria

227 1926 319 1953 etiam
341 1925 413 1953 Ταῦ.
496 1926 537 1954 12
575 1926 711 1962 Zicella]
736 1927 873 1955 Tichilla
902 1927 993 1955 Tem-2?
1075 1928 1114 1956 13
1151 1927 1217 1956 Ad-

225 1972 328 2007 viaml
361 1971 466 2001 onia
489 1972 579 2008 editi,
617 1972 722 2001 Aobia
751 1974 834 2009 Tab„
872 1973 977 2003 Aobia
1007 1975 1100 2002 etiam
1129 1974 1215 2003 sedes

227 2017 424 2056 episcopalis.
501 2020 541 2047 14
567 2019 673 2048 Mubsi
704 2020 787 2056 Tab„
820 2020 918 2049 Musti
943 2020 1014 2049 Ant.
1090 2021 1130 2050 15
1157 2021 1215 2050 Te-

225 2068 311 2103 glata
342 2065 414 2094 Ταῦ.
507 2067 545 2094 16
583 2066 693 2102 Austi]
719 2066 854 2105 Augusti
887 2067 961 2096 editi
992 2077 1058 2096 cum
1082 2069 1154 2096 Ant.
1187 2073 1215 2097 et

230 2112 302 2141 Ταῦ.
382 2114 421 2141 17
456 2113 540 2142 caria
565 2113 601 2149 A,
640 2113 756 2142 eatiam
784 2113 814 2150 C,
852 2114 971 2143 Thacia
1000 2115 1084 2156 Tab.,
1123 2115 1215 2145 Tatia

226 2159 309 2188 editi.
385 2160 425 2189 18
452 2159 634 2189 Drusiliana
657 2162 749 2189 etiam
771 2161 857 2196 Tab.,
887 2161 1060 2191 drasiliana
1087 2161 1117 2192 C.
