1420 2437
197 814 214 839 Φ
197 267 216 771 oe*10³0¹ff³*2010t-
176 153 218 185 Ξ

172 880 191 1798 ωωωωι-*ι-ιν-*μι-*μ-ιν-ιι-*ι-*ι-ι

196 880 217 1798 oetop-Qoeooximmmwtov-*O

1195 156 1252 185 16

266 250 433 291 fluvius.
487 265 564 291 nos
597 251 750 304 quippe
783 250 961 292 dicimus
983 251 1097 305 quod
1117 253 1256 293 omnia

266 318 439 358 flumina
472 334 523 359 ex
558 325 669 359 terra
702 319 744 359 in
776 335 889 359 mare
928 335 1004 360 sua
1034 320 1256 361 effundunt

266 387 442 428 fluenta:
474 403 571 427 nam
602 387 717 427 nullo
749 387 874 427 modo
907 387 958 428 de
985 389 1088 428 mari
1110 389 1152 428 in
1172 396 1255 429 ter-

266 472 356 496 ram
388 456 440 496 ab
472 456 665 496 humanis
698 455 915 496 obtutibus
946 455 1174 510 procedere
1195 458 1255 497 vi-

267 524 440 576 dentur,
487 532 663 578 excepto
710 524 982 565 reumaticam
1027 539 1254 566 accessam.

267 592 383 646 quod
413 593 607 633 omnibus
644 593 783 647 palam
823 599 899 633 est.
960 593 1036 634 sed
1073 594 1155 635 illis
1192 610 1255 635 re-

266 661 489 715 sponditur
509 660 718 714 quomodo
738 661 917 716 legimus
934 661 986 702 de
1010 663 1124 703 fonte
1149 663 1256 703 Are-

265 730 404 770 thusa.
464 729 570 770 illud
590 745 689 769 vero
713 729 825 783 quod
845 730 888 770 in
909 745 1029 771 sacra
1048 731 1257 786 scriptura

265 799 471 839 insertum
503 805 566 839 est
598 805 639 838 et
662 799 750 839 eius
772 799 937 850 similia,
968 798 1082 852 quod
1103 815 1154 839 ex
1174 799 1255 840 alio

265 868 381 907 fonte
420 867 471 908 de
512 867 593 907 alia
630 866 768 907 insula
811 882 924 907 mare
960 883 1036 922 per
1071 867 1255 908 medium

267 950 377 989 aqua
399 950 569 976 cursum
592 935 677 987 dat,
708 934 822 988 quod
840 936 983 977 multis
1004 935 1139 977 modis
1160 952 1255 990 pro-

267 1004 413 1045 batum
445 1011 528 1056 est,
569 1011 609 1045 et
649 1004 747 1057 quia
784 1004 898 1044 omni
933 1003 1059 1044 modo
1090 1004 1170 1045 hoc
1201 1004 1253 1045 ab

266 1074 545 1127 omnipotenti
590 1079 731 1127 potest
775 1072 867 1113 fieri
909 1072 1098 1125 domino,
1143 1072 1256 1126 quod

270 1142 412 1182 omnia
443 1141 615 1181 fiumina
646 1142 804 1181 intrant
840 1141 884 1181 in
919 1157 1033 1182 mare
1072 1148 1113 1182 et
1142 1156 1254 1182 mare

266 1225 351 1250 non
381 1209 605 1261 redundat,
637 1210 680 1249 in
710 1209 850 1249 locum
870 1208 982 1249 unde
1004 1216 1158 1250 exemit
1179 1209 1255 1250 flu-

267 1279 383 1319 mina
412 1284 682 1320 revertuntur
720 1283 765 1317 ut
803 1278 955 1318 iterum
991 1277 1143 1330 fiuant,
1178 1294 1254 1333 pro

268 1354 382 1387 certo
414 1362 560 1387 verum
582 1352 665 1387 est:
698 1344 773 1386 sed
803 1346 918 1386 nullo
948 1345 1073 1387 modo
1105 1346 1157 1387 ab
1178 1346 1255 1386 hu-

265 1415 401 1455 manis
432 1414 600 1455 videtur
631 1413 861 1455 obtutibus.

311 1483 351 1525 7.
411 1483 469 1524 Et
491 1484 527 1524 si
548 1484 698 1537 aliquis
723 1484 965 1538 ignoranter
987 1482 1138 1523 dixerit
1160 1482 1257 1536 quia

266 1552 338 1592 isse
369 1551 494 1592 homo
525 1552 722 1604 forsitan,
765 1551 836 1604 qui
865 1566 998 1605 usque
1037 1551 1080 1591 in
1120 1557 1256 1592 extre-

264 1636 381 1660 mum
404 1618 592 1661 Orientis
615 1618 835 1662 Oceanum
865 1619 1110 1672 ambulavit,
1138 1620 1255 1660 iHum

264 1688 573 1729 nobilissimum
612 1689 772 1729 invenit
806 1687 1047 1743 paradisum
1085 1689 1255 1742 suisque

264 1756 445 1811 pedibus
485 1756 812 1812 perambulavit,
858 1756 934 1798 sed
973 1758 1151 1798 fortasse
1188 1757 1255 1798 dei

268 1886 283 1912 1
323 1888 395 1912 ante
420 1884 534 1913 fluvius
561 1883 695 1912 lacuna?
779 1885 796 1913 3
836 1885 873 1921 de
897 1886 992 1921 mari]
1019 1886 1117 1914 maria
1140 1885 1253 1914 Porclz.

267 1932 284 1959 6
325 1931 410 1967 quod
424 1952 431 1959 .
441 1952 463 1959 ..
478 1953 485 1959 .
499 1932 700 1968 responditur
712 1941 768 1959 um.
779 1932 891 1960 Porch.
916 1933 928 1960 n
954 1933 1159 1970 respondetur
1171 1932 1254 1960 editi.

267 1979 285 2006 7
325 1978 494 2014 quomodo]
522 1978 607 2015 quod
632 1978 716 2010 editi,
741 1978 753 2006 Η
785 1979 910 2007 arethus
926 1980 963 2007 A.
1026 1980 1066 2007 10
1098 1980 1199 2007 fronte
1215 1979 1252 2006 B.

268 2025 304 2052 11
342 2027 476 2060 cursum]
504 2034 626 2053 crucem
639 2025 705 2053 AB.
774 2026 815 2053 14
825 2042 866 2046 —
879 2026 918 2054 16
946 2026 1050 2054 omnia
1067 2046 1074 2053 .
1086 2046 1093 2053 .
1103 2046 1110 2052 .
1121 2046 1128 2052 .
1145 2025 1253 2059 fluant]

264 2070 509 2099 Eeclesz'astaez
542 2073 570 2100 7.
634 2072 673 2100 18
708 2072 870 2109 optutibus
886 2072 926 2100 B.
990 2074 1028 2100 19
1063 2072 1178 2100 dixerit
1196 2081 1252 2099 om.

265 2117 379 2145 l’orch.
455 2119 495 2146 20
536 2118 588 2155 qui
614 2121 721 2155 usque]
749 2119 897 2155 cuiusque
920 2119 956 2147 A.
1031 2118 1072 2147 23
1099 2122 1146 2147 set
1170 2120 1206 2146 A.
