1420 2437
1083 143 1152 178 343

350 243 494 286 Setabi

349 314 507 355 Turres

348 382 497 424 Edellff

350 451 488 493 Celeri

351 517 566 561 Lueentes

350 589 422 630 Ad
451 590 594 631 leones

350 659 453 700 llice

353 726 541 784 Cartago
575 726 794 782 Spartaria

350 797 478 838 Baria

352 865 515 907 Aderia

355 932 577 976 Caesarea.

211 1002 254 1043 A
285 1003 457 1044 civitate
490 1018 599 1057 quae
631 1003 788 1045 dicitur
809 1002 923 1057 Alpe
945 1001 1156 1043 maritima

154 1072 268 1113 cirea
296 1072 390 1127 ipsa
410 1073 536 1114 litora
556 1073 684 1114 maris
705 1087 840 1127 usque
863 1071 918 1113 ad
940 1071 1154 1112 civitatem

155 1155 262 1195 quae
295 1141 453 1182 dicitur
484 1139 696 1184 Caesarea
735 1148 833 1183 sunt
865 1141 1060 1182 civitates
1092 1155 1157 1182 se-

153 1210 380 1266 ptuaginta
419 1217 461 1252 et
499 1216 786 1266 supputantur
825 1211 1005 1252 miliaria
1045 1210 1158 1251 mille

156 1278 316 1320 decem.

199 1346 237 1391 4.
299 1347 461 1390 Iterum
494 1350 643 1391 civitas
674 1348 856 1391 Lenuba

355 1417 530 1459 Macala

161 1573 175 1600 l
216 1571 367 1601 Setavum
405 1573 471 1601 304
513 1573 541 1601 9.
657 1574 676 1602 2
715 1573 829 1602 Turres
867 1574 959 1601 etiam
998 1571 1064 1601 304
1105 1572 1159 1599 10.

160 1619 178 1647 3
218 1618 297 1648 Eloe
323 1619 389 1648 304
418 1621 473 1648 11.
585 1620 606 1648 4
644 1620 755 1650 celeris
786 1620 821 1656 G,
860 1619 985 1649 Celeret
1010 1619 1076 1648 304
1105 1618 1158 1647 12.

160 1665 177 1694 5
217 1665 372 1695 Lucentes
409 1669 502 1696 etiam
538 1666 604 1696 304
644 1668 698 1704 14,
738 1677 796 1696 om.
832 1668 868 1696 G.
982 1667 1000 1695 6
1039 1666 1160 1695 Leones

160 1712 226 1741 304
254 1712 309 1749 15,
336 1713 375 1742 ad
392 1713 501 1743 lennes
529 1714 565 1743 G.
642 1715 659 1743 7
693 1714 799 1743 Hilice
819 1714 885 1743 304
913 1714 968 1742 17.
1050 1713 1068 1741 8
1096 1722 1162 1742 ear-

159 1762 233 1797 tago
267 1759 407 1796 partaria
441 1759 464 1789 C
485 1764 520 1789 ut
547 1760 614 1790 305
643 1761 661 1789 1
689 1765 718 1790 et
745 1761 785 1798 G,
825 1762 976 1798 chartago
1009 1760 1163 1798 spartaria

160 1806 217 1834 AB
242 1806 326 1835 editi.
401 1808 419 1835 9
446 1807 558 1837 Bam-ia
582 1808 648 1837 305
677 1808 707 1843 2,
738 1809 826 1837 varia
853 1808 889 1836 G.
965 1807 1005 1835 10
1045 1807 1163 1836 abdera

162 1853 188 1882 G
215 1853 289 1882 edm·
313 1857 347 1882 ut
372 1852 439 1882 305
466 1854 498 1882 3.
574 1856 612 1884 11
653 1854 809 1884 Caesarea
835 1856 925 1883 etiam
951 1853 1019 1882 305
1046 1853 1076 1889 4,
1113 1863 1162 1882 ce-

161 1909 283 1930 saream
301 1900 338 1935 A,
374 1909 499 1930 cesarea
516 1905 694 1939 augustana
721 1901 757 1930 G.
832 1903 873 1930 13
900 1902 986 1938 ipsa]
1012 1901 1112 1938 ipsius
1131 1899 1161 1930 0.

162 1947 174 1977 Η
193 1948 234 1976 ad
260 1957 319 1976 om.
344 1946 401 1975 AB
427 1947 513 1976 editi.
612 1949 653 1976 14
692 1957 852 1977 cesaream
884 1952 1092 1985 augustanam
1127 1948 1162 1977 G.

160 1994 172 2024 ΙΙ
188 1998 262 2032 post
279 1994 425 2023 civitates
444 1993 468 2024 C
485 1994 557 2023 add.
573 2003 643 2023 eum
658 1995 737 2032 ipsa.
764 1995 775 2024 ΙΙ
805 1995 1025 2033 septuaginta]
1041 2002 1109 2024 Lxx
1131 1994 1161 2031 C,

161 2045 234 2070 sunt
257 2042 422 2081 sexayinta
445 2051 562 2070 novem.
662 2042 701 2071 15
741 2045 772 2071 et
797 2045 1011 2080 supputantur
1041 2052 1100 2071 om.
1130 2041 1160 2071 C.

168 2089 207 2117 16
233 2092 309 2126 post
327 2088 435 2117 decem
455 2087 479 2118 C
494 2088 566 2117 add.
586 2089 732 2118 civitates
748 2090 807 2118 iste
825 2093 899 2118 sunt
915 2098 970 2118 Lx.
1038 2091 1077 2118 17
1106 2090 1165 2118 Le-

166 2136 269 2165 nubar
294 2135 360 2164 305
391 2136 422 2164 5.
499 2137 539 2165 18
577 2135 703 2165 Malaca
727 2136 802 2165 edicat
825 2141 860 2165 ut
884 2136 951 2166 305
979 2137 1008 2166 6.
