1420 2437
197 189 268 223 248
1170 189 1214 218 IV
1240 191 1282 219 29

292 286 337 328 id
382 294 446 328 est
490 287 708 341 provincia
746 286 1014 327 castellorum
1025 318 1035 338 7
1082 302 1189 340 quae
1230 287 1283 328 ab

294 356 478 410 antiquis
522 356 583 395 ita
626 354 878 405 vooabatur3
924 356 1025 395 item
1071 354 1125 396 ad
1170 371 1284 396 mare

293 439 495 479 magnum
512 423 779 464 Adriaticum
795 424 915 464 iuxta
928 425 1161 478 praefatam
1175 424 1285 465 Pen-

293 493 467 547 tapolim
499 499 563 534 est
591 493 809 547 provincia
839 491 1127 547 Spolitium
1157 491 1285 534 Sau-

297 563 471 603 oensis
485 593 496 614 ,
516 562 618 602 item
638 561 857 616 provincia
877 562 918 602 D
932 561 1155 613 enersis,
1185 561 1286 601 item

294 631 513 685 provincia
543 630 763 684 Apulia7
801 631 902 671 item
932 630 1150 684 provincia
1180 644 1286 683 quae

296 698 452 740 dicitur
469 697 723 740 Calabria
738 698 1129 740 Brindioensis.
1176 699 1285 754 girat

297 775 438 809 autem
458 768 552 823 ipsa
571 767 697 814 Italia
716 767 761 808 id
783 774 847 809 est
868 767 920 808 de
941 767 1163 808 Adriatico
1184 768 1287 808 mari

296 837 339 877 in
362 835 530 878 GaHieo
562 852 587 877 a
617 836 835 891 provincia
865 836 900 877 P
911 838 980 877 rit
993 851 1044 878 as
1066 835 1220 892 Rigie
1231 851 1287 876 n-

206 919 246 947 10
297 906 390 947 sis:
429 920 527 946 nam
567 912 609 946 et
646 911 711 946 est
748 905 966 959 provincia
994 905 1106 946 inter
1135 904 1289 946 Adria-

206 988 244 1016 11
296 975 429 1015 ticum
458 989 573 1015 mare
605 980 646 1014 et
678 971 893 1015 Gallicum
923 973 1062 1014 media
1097 988 1203 1027 quae
1234 973 1287 1015 ab

208 1055 248 1084 12
299 1043 482 1096 antiquis
515 1041 670 1083 dieitur
698 1040 1008 1096 Campania⁷
1039 1056 1145 1096 quae
1176 1056 1290 1084 nuno

208 1124 247 1153 13
296 1112 694 1154 Beneventanorum
716 1109 873 1151 dicitur
884 1111 1035 1166 patria7
1056 1111 1175 1152 iuxta
1188 1126 1288 1152 vero

209 1195 249 1223 14
299 1195 411 1222 mare
435 1179 652 1221 Gallicum
683 1186 748 1220 est
776 1179 996 1234 provincia
1026 1180 1069 1220 in
1090 1180 1183 1234 ipsa
1202 1179 1288 1221 Ita-

224 303 245 879 ‘OOEQOEUQQOIQffl

301 1328 316 1356 1
346 1325 564 1365 provinciam?
601 1328 612 1355 ΙΙ
647 1326 889 1356 castellanorum
917 1326 1025 1355 Guido.
1064 1328 1076 1355 ΙΙ
1108 1331 1180 1364 post
1211 1336 1290 1364 quae

299 1375 325 1403 A
357 1374 428 1403 add.
463 1375 518 1403 ita.
617 1375 634 1402 2
672 1374 718 1402 ita
745 1374 935 1409 vocabatur]
968 1375 1012 1402 sic
1036 1374 1078 1410 A,
1116 1374 1231 1402 dicitur
1258 1373 1287 1409 C,

299 1431 357 1449 om.
384 1421 413 1449 B
437 1421 520 1450 edici.
575 1420 734 1450 Umbriam
767 1429 830 1449 esse
854 1421 1032 1457 suspicatur
1055 1421 1289 1456 fllommsenius5

301 1468 434 1497 Gzcz'dom’
462 1468 713 1505 septimadecima
743 1471 788 1495 est
812 1466 954 1496 Umbria.
1042 1467 1063 1496 4
1101 1466 1286 1504 Spolitiuml

299 1515 443 1544 Picinum
481 1513 615 1552 Spoletii
654 1514 763 1543 Guido.
813 1514 825 1543 ΙΙ
869 1514 1005 1543 sacensis
1034 1514 1063 1542 B
1095 1514 1183 1549 editi,
1218 1523 1289 1542 sau-

300 1562 412 1591 niensis
446 1560 505 1598 th,
546 1561 714 1590 sausiensis
751 1561 946 1596 Mazoclzz‘us,
985 1562 1005 1589 ι’.
1037 1570 1062 1588 e.
1100 1561 1290 1593 Σαυμῖῃςβ

300 1608 420 1638 Sabina
445 1608 591 1646 Greyorz‘i
614 1606 746 1645 Magni?
770 1609 934 1636 etiamnum
960 1606 1089 1636 Sabina.
1171 1608 1188 1636 5
1227 1608 1289 1636 De-

298 1655 407 1691 uersis,
440 1656 515 1684 item
541 1655 704 1692 provincia
728 1654 860 1691 Apulia,
892 1654 967 1682 item
993 1655 1156 1691 provincia
1179 1663 1237 1683 om.
1263 1654 1291 1682 B

298 1702 382 1731 editi.
432 1702 444 1730 ΙΙ
502 1702 665 1735 Denersisl
698 1701 869 1730 Dardensis
903 1700 1018 1735 Gazam·
1049 1705 1156 1737 posset
1182 1701 1290 1729 haberi

293 1758 356 1787 pro
374 1748 490 1777 Nursia
513 1747 607 1777 Pauli
624 1749 768 1783 Dlaconi,
795 1747 850 1776 sed
874 1751 902 1775 et
926 1747 1042 1776 Nursia
1067 1751 1095 1776 et
1119 1748 1290 1777 Dardensis

297 1797 534 1825 nominantura
553 1795 698 1824 Guidone.
763 1795 780 1823 6
807 1794 911 1832 apulie
926 1795 981 1822 ΑΒ
999 1794 1082 1823 editi.
1146 1796 1163 1823 7
1191 1793 1291 1832 Gyrat

299 1843 382 1871 editi.
457 1843 475 1871 8
507 1844 629 1877 autem]
655 1845 710 1871 aut
737 1840 768 1870 C.
806 1841 818 1870 Η
852 1840 954 1879 ytalia
984 1841 1012 1869 Β
1038 1841 1086 1870 hic
1111 1845 1140 1870 et
1158 1842 1288 1878 passim.

300 1889 312 1918 Η
328 1899 413 1918 mare
438 1889 493 1918 AB
518 1889 602 1918 editi.
677 1890 693 1917 9
722 1890 757 1924 a]
783 1889 823 1917 ad
851 1887 880 1917 C.
920 1888 931 1916 Η
965 1888 1138 1925 provinciis
1155 1889 1190 1923 A,
1217 1896 1289 1924 pro-

300 1937 417 1965 vintias
441 1937 485 1971 B,
528 1936 707 1973 provincias
739 1934 770 1964 C.
819 1935 830 1963 ΙΙ
881 1935 983 1963 Pritas
1014 1935 1186 1972 Rigiensis]
1217 1935 1236 1962 i.
1264 1943 1287 1963 e.

300 1983 422 2012 Brettia
446 1983 618 2020 Regiensis,
645 1980 745 2011 Paulo
770 1982 913 2010 Diacono
939 1982 1049 2010 Britia.
1092 1981 1290 2016 „Correetori

300 2030 458 2059 Lucaniae
477 2035 508 2058 et
529 2029 736 2058 Brittioru1n“
762 2029 862 2057 Inscr.
875 2029 975 2066 Requi
986 2028 1086 2065 Neap,
1101 2027 1147 2056 ed.
1161 2027 1290 2055 Blemm-

300 2086 352 2105 sen
376 2086 427 2105 no.
442 2077 473 2105 3.
566 2077 604 2105 10
644 2085 716 2105 nam
741 2076 788 2110 et]
814 2084 949 2112 namque
973 2076 1010 2103 Α.
1048 2074 1060 2103 Η
1094 2077 1141 2103 est
1171 2082 1229 2101 om.
1258 2072 1287 2107 C,

296 2127 369 2159 post
393 2124 556 2160 provincia
574 2124 666 2160 ponit
690 2123 726 2151 A.
765 2122 777 2150 ΙΙ
810 2123 970 2159 provintia
994 2121 1031 2149 B.
1119 2121 1158 2148 12
1197 2119 1290 2149 Cam-

302 2170 409 2205 pania]
438 2169 600 2199 Samnium
627 2169 735 2197 Guiclo.
