1420 2437
234 187 303 220 234

259 302 280 874 Φου-ισιυιιρωιψμ

240 916 280 943 10

241 985 279 1013 11

242 1054 280 1081 12

241 1122 280 1149 13

242 1191 283 1218 14

242 1259 280 1288 15

243 1329 281 1356 16

1206 187 1251 217 IV
1277 188 1319 217 26

526 284 742 327 Sem-bona

526 354 707 395 Meousa

528 421 699 464 Gaunia

528 491 699 532 Treoris

529 559 674 601 Nobia

526 627 851 670 Princastellum

527 695 724 738 Cardena

528 763 825 807 Conbulantia.

392 835 501 876 Item
523 842 623 876 sunt.
644 834 837 875 Civitates
868 834 911 874 in
940 834 1033 888 ipsa
1050 834 1187 888 patria
1205 834 1325 875 iuxta

329 903 503 945 fluvium
535 919 661 957 quem
690 903 866 944 inferius
893 903 1107 944 nominare
1129 903 1323 944 volumus

331 973 401 1026 qui
435 971 590 1013 dicitur
619 972 754 1028 Lega,
786 970 829 1012 id
860 978 924 1012 est
958 1007 961 1008 γ

529 1039 703 1082 Balidas

530 1108 742 1151 Martialis

532 1178 714 1234 Arigilia

529 1247 731 1288 Dizezeia

532 1315 582 1356 In
613 1315 771 1357 ibernis

528 1384 810 1426 Heliodorum

335 1468 349 1495 1
379 1466 558 1503 Searbona]
579 1466 763 1504 Scamonna
781 1468 852 1495 Ant.
873 1466 944 1495 Ταῦ.
1021 1465 1039 1494 2
1065 1465 1209 1500 Mecusal
1235 1464 1324 1494 hodie

331 1513 414 1543 Pont
444 1514 463 1542 a
487 1513 639 1543 Mousson
669 1513 843 1549 Reiclzard;
882 1511 1021 1551 „forsan
1053 1511 1115 1550 leyi
1146 1511 1235 1541 debet
1258 1511 1324 1540 Me-

332 1565 412 1597 tusa,
444 1560 546 1590 Mets“
585 1560 699 1589 Porclz.
798 1561 816 1589 3
855 1560 982 1598 gamnia
1014 1558 1050 1595 C,
1090 1558 1214 1588 Gannia
1238 1558 1322 1587 editi.

332 1608 352 1636 4
390 1607 531 1643 Treoris]
557 1607 701 1645 Augusta
727 1607 927 1636 Trevirorum
951 1605 1065 1634 Porch.
1147 1606 1164 1634 5
1201 1604 1323 1641 Nobia]

332 1654 530 1692 Noviomago
558 1659 674 1691 (prope
698 1653 871 1688 Treveros)
900 1653 972 1682 Ant.
1003 1652 1075 1683 Ταῦ.
1180 1652 1198 1681 6
1236 1651 1325 1681 Prin-

333 1700 515 1736 castellum]
547 1703 566 1730 ι’.
592 1710 621 1738 q.
654 1699 828 1729 Castellum
857 1699 1078 1735 Mosellanum,
1116 1708 1197 1728 nunc
1228 1699 1325 1728 Bern-

334 1747 441 1777 castel.
517 1749 534 1777 7
574 1748 710 1776 cardena
743 1746 773 1782 C,
809 1756 890 1776 ‘mmo
915 1746 1057 1776 Caerden
1081 1748 1175 1782 vicus,
1210 1745 1324 1774 Por-ch.

334 1796 352 1823 8
391 1794 611 1824 combulancia
650 1793 686 1830 C,
736 1804 775 1822 au
814 1791 1040 1823 Confluentes?
1093 1791 1137 1832 cf.
1170 1792 1237 1821 227
1269 1792 1324 1822 10.

337 1843 376 1871 10
415 1842 559 1876 inferius]
593 1841 677 1879 Lege
705 1840 772 1870 236
798 1841 829 1870 5.
907 1841 945 1869 11
986 1839 1089 1878 Lega]
1123 1843 1168 1869 est
1190 1839 1322 1878 Ligeris.

337 1889 376 1917 12
410 1888 539 1918 Balidos
563 1888 647 1917 editi.
724 1889 763 1917 13
796 1887 952 1917 marcialis
979 1886 1010 1923 C,
1039 1887 1093 1922 „in
1118 1896 1200 1925 pago
1217 1885 1325 1915 Vialo-

334 1936 428 1971 eensi,
456 1936 509 1973 qui
525 1935 681 1965 Martialis
705 1939 807 1964 aetate
833 1935 975 1964 citeriore
1000 1934 1157 1963 vocitatus
1182 1936 1249 1962 est“
1276 1932 1327 1961 Si-

334 1982 453 2011 donius.
530 1983 569 2011 14
607 1981 730 2020 Agrilia
760 1981 845 2011 editi.
921 1981 960 2010 15
1000 1981 1162 2016 Dizezeia]
1193 1979 1326 2008 Decetia

334 2031 406 2058 Ant.
506 2030 545 2058 16
577 2030 616 2058 17
653 2028 689 2057 In
720 2028 837 2057 ibernis
868 2032 896 2057 et
919 2027 1145 2062 Heliodorum]
1177 2025 1324 2055 Nivernis

333 2074 537 2105 Aeduorum?
562 2075 675 2104 Porch.
714 2075 726 2104 ΙΙ
761 2075 798 2104 In
822 2075 956 2111 ibernis]
983 2075 1057 2112 (zze.
1082 2074 1115 2102 in
1138 2070 1323 2108 hibernis‘M,

336 2123 485 2151 imbernis
511 2123 539 2150 Β
564 2122 653 2157 aliti,-
677 2121 850 2151 Nevirnum
876 2122 968 2155 Ant.‚·
998 2120 1139 2150 Hiberna
1164 2119 1325 2157 legionum

336 2168 528 2197 Iulianarum
555 2168 697 2197 Sidonii?
