1420 2437
127 180 195 214 322
1100 181 1144 211 lv
1171 182 1212 212 45

156 295 166 322 1
282 277 530 334 Completur
569 284 710 320 autem
740 278 834 333 ipsa
863 276 1023 333 Spania
1052 278 1213 321 habens

154 362 171 390 2
221 348 350 389 finem
389 347 442 389 ab
482 362 566 388 uno
604 348 734 388 latere
770 347 889 387 iuxta
917 347 1018 389 litus
1050 346 1215 389 Oceani

154 432 172 459 3
224 417 378 458 saltum
422 416 650 457 Pireneum
694 414 1119 471 Spanoguasconiae,
1172 424 1214 458 et

152 502 171 529 4
223 476 376 526 deinde
406 485 546 540 ipsum
577 485 732 526 saltum
762 484 988 525 Pireneum
1020 483 1215 526 Gnasco-

154 572 170 600 5
222 555 339 607 niae,
369 555 488 595 iuxta
507 569 607 595 vero
637 569 751 594 mare
780 568 981 608 magnum
1002 551 1215 595 Gallicum

153 639 171 668 6
220 623 361 678 ipsum
383 623 538 664 saltum
557 622 768 664 Pireneon
796 629 836 663 et
858 622 1118 676 provinciam
1138 621 1214 665 Se-

153 709 170 737 7
221 692 468 747 ptimanam.
521 691 573 733 ab
596 692 678 732 alio
699 707 800 732 vero
821 691 952 732 latere
973 690 1100 732 habet
1121 692 1215 746 ipsa

221 760 380 816 Spania
424 761 552 801 finem
605 761 849 802 multotiens
895 759 1056 801 dictum
1100 775 1214 801 mare

221 843 423 886 magnum
463 828 679 871 Gallicum
718 829 945 870 Valeriaci.
1021 844 1045 869 a
1088 830 1213 870 tertio

131 914 170 943 10
221 913 402 952 namque
440 899 572 940 latere
610 897 738 939 habet
776 898 870 953 ipsa
899 896 1059 952 Spania
1085 898 1214 939 finem

131 983 169 1010 11
222 965 445 1009 Oceanum
482 983 608 1022 quem
648 967 840 1022 superius
879 966 1061 1009 diximus
1100 968 1213 1009 occi-

131 1050 170 1078 12
221 1036 433 1077 dentalem
452 1037 700 1078 Britaniam.
747 1051 772 1076 a
792 1042 941 1089 quarto
962 1051 1062 1078 vero
1081 1037 1213 1078 latere

130 1120 170 1148 13
223 1105 351 1147 habet
392 1106 485 1160 ipsa
515 1104 674 1160 Spania
711 1104 839 1145 finem
870 1104 984 1158 quod
1020 1106 1212 1160 superius

130 1189 171 1216 14
222 1172 405 1215 diximus
435 1175 591 1214 fretum
631 1173 703 1227 qui
733 1172 889 1214 dicitur
918 1171 1214 1231 Septemgadi-

130 1260 168 1288 15
219 1248 378 1283 tanum.
440 1243 512 1296 qui
542 1242 675 1283 fretus
709 1257 760 1282 ex
793 1241 940 1282 eodem
972 1244 1077 1284 mari
1107 1241 1212 1285 Gal-

129 1331 168 1359 16
219 1311 302 1352 lico
332 1310 570 1367 ingreditur
604 1311 647 1352 in
678 1311 817 1365 ipsum
849 1308 1070 1352 Oceanum
1100 1312 1212 1353 occi-

129 1399 167 1427 17
220 1380 432 1422 dentalem
451 1380 672 1421 Britanici.
734 1379 848 1433 quod
877 1380 1030 1421 fretum
1061 1380 1211 1422 dividit

152 777 171 873 ΨΦ

222 1555 235 1582 1
265 1552 465 1590 completur]
491 1553 539 1582 hic
563 1552 683 1582 accedit
700 1552 808 1583 Guicl‘).
884 1553 901 1581 3
934 1552 1108 1591 Pyreneum
1125 1553 1210 1583 editi.

218 1602 229 1628 fl
249 1609 347 1637 spano
374 1609 531 1638 gnascone
557 1599 617 1636 AC,
645 1598 750 1635 (Effert
776 1599 885 1627 Gnido.
960 1601 980 1628 4
1005 1600 1147 1637 pirenum
1176 1599 1207 1637 C,

216 1647 391 1685 Pyreneum
416 1647 500 1675 editi.
575 1648 592 1676 5
625 1646 740 1683 gallico
766 1646 805 1674 B.
884 1647 902 1675 6
934 1645 1098 1684 Pyreneon
1123 1647 1207 1685 editi,

216 1703 339 1732 pyroon
358 1694 396 1729 B,
423 1703 541 1731 pyreon
566 1693 596 1723 C.
635 1694 645 1720 Η
680 1693 844 1730 provincia
862 1693 918 1721 AB
943 1693 1027 1722 editi.
1065 1694 1077 1722 ΙΙ
1111 1695 1209 1732 septi-

216 1750 309 1769 mana
334 1741 400 1775 AB,
428 1740 624 1778 Septimania
650 1740 734 1768 edm.
810 1741 827 1769 8
855 1739 1042 1769 multociens
1070 1739 1100 1775 C⁷
1127 1741 1207 1770 mul-

217 1788 311 1817 toties
335 1788 418 1816 editi.
494 1790 511 1816 9
545 1787 682 1825 galicum
709 1787 746 1815 Β.
785 1787 796 1815 ΙΙ
831 1786 975 1816 ualeriati
1002 1787 1039 1822 Β,
1066 1787 1208 1817 Valeria-

217 1844 288 1863 cum
314 1835 423 1864 Guido.
449 1835 645 1863 Balearicum
671 1834 754 1862 editi.
831 1835 866 1862 11
909 1835 1016 1871 quem]
1043 1836 1128 1871 quod
1152 1835 1208 1863 ΑΒ

216 1881 300 1910 editi.
376 1882 415 1910 12
448 1882 641 1911 brithaniam
660 1881 697 1914 B,
724 1881 941 1909 Britannicum
960 1881 1034 1909 edite·
1050 1885 1079 1910 et
1097 1881 1205 1910 Gnido.

215 1929 227 1956 :2
245 1931 336 1964 vero]
363 1930 477 1958 etenim
504 1929 561 1957 AB
586 1929 670 1957 editi.
756 1929 796 1956 13
836 1928 959 1965 ispania
984 1929 1020 1956 A.
1057 1928 1070 1956 Η
1105 1929 1202 1965 quod}

216 1984 307 2012 quem
336 1975 366 2005 C.
460 1977 500 2004 14
539 1975 780 2013 septegaditanfi
806 1975 843 2002 B.
939 1976 977 2003 15
1010 1979 1086 2012 post
1109 1975 1204 2003 fretus

214 2024 239 2050 A
267 2023 339 2051 add.
366 2028 422 2052 est.
461 2022 471 2049 Ι.
508 2024 645 2051 eiusdem
672 2022 728 2049 AB
754 2021 836 2050 editi.
914 2022 953 2050 16
984 2026 1056 2058 post
1081 2020 1203 2050 Gallico

214 2069 271 2097 AB
288 2070 360 2099 (υἱεῖ.
378 2076 418 2098 et.
457 2070 467 2096 11
504 2070 620 2106 ipsum]
641 2069 835 2107 praedictum
850 2069 905 2096 ΑΒ
923 2067 1007 2097 editi.
1071 2069 1110 2095 17
1135 2067 1204 2096 Bri-

213 2117 374 2145 tannicum
402 2116 510 2145 Gnido.
