1420 2437
180 166 248 854 ’ΌωκΙΟδυῐϋρῢδὶθυ-Δὲ

181 898 197 1403 ι-ιι-ιι-ιι-ιι-μμ-Λμ

203 897 224 1404 κιστιυιιρωιιι-*ο

472 264 573 307 Suel

469 332 702 374 Bardesola

470 401 600 444 Saldo

469 471 717 512 Bamaliana

470 538 660 582 Cartetia

473 608 692 650 Traducta

471 675 663 718 Cetraria

469 746 653 787 Molaria

468 815 642 856 Belone.

327 882 416 924 Hic
441 884 654 925 invenitur
681 884 836 925 fretum
865 883 981 937 quod
1018 884 1263 925 multotiens

270 951 601 1005 nominavimus,
642 952 757 1007 quod
788 952 943 994 dicitur
972 951 1268 1008 Septemgadi-

270 1025 440 1073 tanum⁷
486 1021 601 1075 quod
647 1021 798 1063 dividit
836 1022 946 1063 inter
984 1020 1185 1076 Spaniam
1225 1027 1265 1062 et

271 1089 525 1130 maritimam
560 1090 877 1132 Mauritaniam.
954 1089 1069 1144 quod
1112 1090 1267 1131 fretum

273 1157 416 1198 exiens
448 1157 501 1199 de
532 1159 637 1200 mari
667 1174 822 1214 magno
852 1157 1020 1200 Gallico
1041 1159 1266 1200 Valeriaoo

272 1226 463 1281 vergitur
497 1227 541 1268 in
573 1225 795 1269 Oceanum
834 1227 1140 1269 occidentalem
1169 1228 1265 1269 Bri-

272 1295 504 1336 tannioum.
566 1295 681 1350 quod
710 1296 954 1337 multotiens
994 1296 1155 1337 dictum
1186 1297 1267 1337 fre-

271 1369 363 1405 tum
402 1365 612 1407 transiens
652 1365 778 1406 homo
820 1365 933 1406 cirea
970 1365 1095 1405 litora
1139 1366 1265 1406 maris

277 1538 289 1564 1
326 1535 400 1565 Suel
425 1538 517 1565 etiam
543 1536 609 1565 305
641 1538 667 1573 7,
705 1536 789 1565 surel
813 1537 852 1566 B.
931 1538 948 1566 2
983 1537 1157 1567 Barbesola
1181 1538 1265 1575 edici,

272 1582 425 1612 Sabesola
443 1583 509 1612 305
529 1583 559 1621 8,
578 1583 740 1613 sabessola
752 1583 803 1612 vel
816 1583 983 1613 bardesola
999 1584 1034 1613 G.
1085 1586 1102 1614 3
1130 1585 1218 1614 salda
1235 1584 1265 1621 O,

272 1629 396 1658 Saltum
415 1630 480 1659 305
509 1631 538 1660 9.
590 1632 610 1660 4
647 1630 835 1659 Bamaliana
851 1632 943 1659 etiam
957 1631 1023 1660 305
1049 1632 1104 1660 10.
1155 1632 1172 1661 5
1201 1641 1267 1661 car-

273 1677 354 1705 tecia
375 1676 404 1713 C,
432 1677 580 1716 Cartegia
605 1678 689 1712 editi,
717 1676 869 1715 Gartegia
886 1678 950 1706 305
979 1678 1034 1714 11,
1065 1679 1204 1716 gartecia
1230 1678 1265 1708 G.

273 1724 291 1752 6
331 1723 528 1754 Transducta
554 1725 629 1753 edite*
653 1729 687 1753 ut
712 1724 777 1753 305
806 1724 861 1752 12.
951 1726 968 1754 7
1008 1724 1151 1754 Cetraria
1175 1727 1267 1754 etiam

272 1769 339 1798 305
366 1770 421 1800 13.
519 1773 537 1801 8
576 1771 709 1800 Melaria
734 1772 826 1800 etiam
851 1771 919 1800 305
946 1772 1001 1800 14.
1092 1773 1109 1801 9
1147 1772 1266 1801 Belone

272 1818 364 1846 etiam
378 1817 445 1846 305
472 1819 533 1854 15,-
550 1818 688 1847 Baelone
703 1818 786 1853 edici,
805 1818 921 1848 belona
937 1818 971 1847 G.
1023 1820 1063 1848 10
1088 1819 1186 1848 fretus
1199 1819 1266 1848 AB.

271 1864 284 1894 ΙΙ
301 1864 489 1894 multociens
529 1865 559 1901 C,
609 1865 772 1894 multoties
809 1865 893 1894 editi.
993 1866 1032 1894 11
1072 1870 1192 1903 septem
1230 1865 1264 1901 G,

272 1915 359 1948 septe
385 1912 452 1948 AB,
492 1911 586 1950 Septe
614 1911 841 1948 [Gaditanum]
867 1912 951 1941 editi.
1027 1913 1068 1941 12
1101 1912 1212 1950 spania
1227 1913 1263 1947 A,

271 1959 438 1996 yspaniam
463 1959 493 1987 B
517 1960 601 1988 editi.
640 1959 652 1988 Η
688 1962 719 1988 et
743 1968 802 1987 om.
826 1958 889 1988 AC.
960 1960 999 1988 13
1037 1959 1196 1988 maritima
1228 1959 1264 1994 A,

272 2005 472 2034 maritaniam
502 2006 605 2043 (conr.
631 2006 841 2041 maritimam)
871 2004 901 2035 0.
952 2006 963 2034 ΙΙ
1009 2005 1198 2034 mauritania
1228 2006 1264 2033 A.

274 2052 315 2079 14
341 2051 513 2081 Valereaeo
540 2053 624 2082 editi.
693 2053 732 2082 15
760 2053 864 2090 vergit
888 2052 972 2081 edici.
995 2052 1008 2081 Η
1036 2061 1205 2081 occeanum
1226 2052 1264 2080 B.

271 2098 283 2126 ll
302 2098 495 2128 britanicum
520 2098 583 2129 BC.
660 2100 700 2129 16
727 2099 915 2128 multociens
937 2098 968 2135 C,
995 2097 1155 2128 multoties
1180 2098 1264 2127 editi.

275 2144 315 2171 17
354 2144 465 2174 littora
490 2146 528 2175 B.
