1420 2437
62 173 107 203 IV
134 175 175 203 32
1085 170 1153 204 267

84 285 105 864 -εοςκιστωτρωωμ,

66 906 83 1277 μι-αι-ιι-ιν-Δμ

88 905 109 1277 φημμωιου-ιῦ

355 270 564 312 Punicum

356 337 508 381 Castro
540 353 648 379 novo

355 406 538 449 Centum
570 407 686 448 cellis

354 476 538 518 Minium

355 546 557 587 Tuvelari

357 613 566 656 Gravisca

355 683 530 725 Martha

357 751 516 793 Forum
548 752 712 793 Aurelii

359 820 566 862 Armenta

357 889 429 930 Ad
460 905 590 931 novas

358 957 548 1001 Succosa

360 1026 472 1070 Cosa

359 1095 432 1136 Ad
463 1102 634 1152 portum
666 1094 845 1138 Cossam

362 1163 523 1206 Albilia

359 1233 590 1275 Telamone

164 1359 179 1386 l
208 1357 362 1387 Punicum
389 1361 481 1388 etiam
503 1359 527 1388 V
543 1360 562 1387 2
587 1363 616 1388 et
634 1359 706 1388 Tab.
774 1360 792 1388 2
820 1358 931 1389 Castro
958 1368 1041 1388 novo
1067 1360 1159 1388 etiam

166 1405 195 1434 V
216 1405 236 1433 2
254 1405 326 1434 Ant.
346 1405 418 1435 Ταῦ.
492 1407 510 1435 3
539 1405 674 1436 Centum
689 1406 776 1435 cellis
801 1408 893 1435 etiam
913 1406 940 1435 V
954 1406 975 1434 2
992 1406 1064 1435 Ant.
1085 1406 1158 1435 Tab.

162 1453 182 1480 4
208 1451 344 1481 Minium
369 1454 461 1481 acicam
482 1453 509 1482 V
530 1453 560 1489 2,
587 1454 718 1482 mimum
738 1454 771 1489 G,
798 1453 908 1483 Mindo
935 1453 965 1482 fl.
989 1453 1074 1489 Tab„
1100 1453 1160 1482 Mi-

141 1499 213 1528 „nio
240 1499 355 1528 fluvius
381 1499 473 1535 alim
501 1510 582 1529 nunc
607 1500 768 1538 Mignone.
844 1500 861 1530 5
894 1500 1042 1529 Tuvelari
1068 1502 1160 1529 etiam

168 1545 196 1574 V
218 1546 248 1583 2,
279 1546 459 1576 Tabellaria
484 1547 558 1576 editi
584 1556 650 1576 cum
673 1547 744 1578 Ταό,
836 1548 853 1576 6
893 1546 1044 1577 Gravisea
1069 1549 1161 1576 etiam

170 1592 197 1621 V
218 1593 238 1621 2
265 1597 293 1621 et
311 1593 395 1630 Tab„
423 1593 593 1624 Graviscae
623 1594 696 1623 Ant.
771 1595 788 1624 7
827 1594 955 1624 Martha
979 1596 1071 1623 etiam
1091 1594 1118 1623 V
1141 1594 1160 1621 2

163 1643 191 1668 et
215 1640 299 1676 Ant.7
325 1641 454 1670 marcha
479 1640 540 1677 BG,
567 1641 672 1670 Marta
701 1641 773 1670 Tab.
849 1642 867 1670 8
900 1641 1015 1670 Forum
1040 1640 1161 1670 Aurelii

164 1687 256 1714 etiam
278 1686 306 1715 V
328 1687 358 1723 2,
398 1687 500 1717 forum
526 1687 637 1717 aurelii
662 1689 699 1724 A,
738 1688 817 1717 Foro
843 1687 953 1717 Aureli
983 1688 1067 1724 Tah.‚
1102 1688 1161 1716 Fo-

163 1742 232 1762 rum
256 1731 365 1762 Aureli
389 1735 463 1763 Ant.
538 1735 555 1763 9
592 1734 745 1764 Amienta
769 1736 861 1764 etiam
885 1735 912 1763 V
933 1735 964 1771 2,
998 1734 1163 1763 Armenita

164 1780 194 1808 fl.
219 1779 292 1808 Ταῦ.
385 1781 424 1809 10
463 1779 513 1809 Ad
538 1790 637 1810 novas
662 1783 754 1810 etiam
778 1782 806 1810 V
828 1781 857 1817 2,
897 1782 936 1810 ad
961 1790 1062 1810 nonas
1090 1779 1163 1809 Gbmr

164 1835 231 1855 cum
253 1825 337 1862 Tab„
376 1825 485 1864 cf.IV
505 1827 560 1856 36.
603 1828 614 1856 ΙΙ
661 1829 743 1856 inter
766 1827 817 1856 Ad
843 1837 941 1857 novas
971 1831 1000 1856 et
1024 1826 1163 1857 Succosa

175 1873 200 1901 V
222 1873 242 1901 2
268 1872 397 1901 additm·
414 1872 571 1902 Saturnie.
640 1875 678 1902 11
708 1873 846 1903 Succosa
871 1875 962 1903 etiam
984 1874 1011 1902 V
1033 1874 1053 1902 2
1078 1874 1160 1911 Tab.7

166 1929 314 1950 succossa
327 1920 364 1955 A,
383 1919 518 1949 subcosa
535 1920 559 1949 G
572 1920 686 1949 Porch.
707 1920 802 1949 Grooz.
814 1921 844 1956 1,
864 1920 1007 1950 Subeosa
1023 1921 1117 1950 Gron.
1132 1922 1161 1951 2.

169 1967 209 1996 12
237 1965 321 1996 Cosa
338 1967 430 1995 etiam
450 1966 477 1996 V
498 1967 518 1995 2
536 1971 565 1996 et
583 1966 667 2003 Tab„
694 1966 808 1996 Cosam
824 1968 897 1996 Ant.
913 1968 991 1996 292,
1056 1969 1095 1997 13
1123 1970 1163 1998 ad

165 2017 293 2052 portum
319 2013 442 2042 cossani
471 2012 501 2050 C,
540 2014 580 2043 ad
606 2017 732 2050 portum
758 2023 829 2044 cose
857 2014 891 2051 G,
930 2015 1059 2044 Portum
1083 2016 1111 2044 V
1132 2016 1162 2051 2,

168 2058 405 2090 Post-Hercul&
438 2060 511 2089 Tab.
593 2061 631 2089 14
670 2060 791 2090 Albilia
816 2063 907 2090 etiam
928 2061 954 2089 V
976 2062 1006 2097 2,
1045 2061 1165 2092 albinia

170 2107 195 2136 G
221 2107 305 2144 editi,
344 2107 474 2136 Albinia
500 2107 530 2135 fl.
556 2107 628 2136 Tab.
705 2108 744 2137 15
784 2108 954 2137 Telamone
980 2110 1072 2138 etiam
1096 2110 1122 2139 V
1144 2111 1164 2138 2

168 2159 196 2183 et
226 2154 299 2183 Ταῦ.
