1420 2437
213 142 280 834 tooeqmv'ss-Qowb-ffi

215 875 231 1453 ›-=›-=›-*)-=›-³=-*›-³›—³v-·

237 875 257 1453 ωῆΦΟῚΡρΟΘΚΦΡ-*Θ

1103 151 1209 171 vao
1238 143 1301 172 126

306 246 431 293 teque
500 239 807 294 spatiosissima
866 253 958 279 esse
1024 238 1301 294 dignoscitur.

307 308 459 349 deinde
495 308 538 348 iu
584 307 778 362 planiciis
824 323 898 362 per
943 308 1071 364 longa
1116 307 1302 362 undique

314 377 450 432 spatia
494 377 632 432 patria
677 377 849 431 ponitur
899 375 1129 429 Chazaria,
1196 392 1302 431 quae

307 447 440 487 maior
477 445 656 501 Scythia
693 452 881 486 vocatur.
952 446 1062 487 hanc
1098 445 1302 487 Iordanes

307 515 625 571 cronographus
679 515 723 555 in
772 514 944 556 modum
996 516 1116 571 fungi
1174 516 1303 556 scari-

305 583 437 637 phum
462 599 553 625 esse
577 583 697 636 dixit,
727 583 926 638 ipsosque
950 583 1162 625 Chazaros
1186 584 1304 640 Aga-

307 667 426 693 zaros
464 652 711 693 nominavit.
780 653 882 694 item
921 654 1185 705 Amazonas,
1232 652 1303 694 ubi

307 736 401 773 eas,
444 727 594 776 postea
629 736 825 777 egressae
862 730 961 764 sunt
1002 722 1054 764 de
1089 723 1303 764 montibus

308 788 552 843 Caucaseis,
603 791 837 845 antiquitus
887 807 1056 832 manere
1107 792 1301 848 legimus.

305 859 425 900 iuxta
455 859 636 901 eundem
673 875 840 915 quoque
873 860 1093 903 Oceanum
1126 861 1302 902 confinis

307 928 496 969 eiusdem
528 928 730 971 Colchiae
760 929 1123 985 regionispatria
1154 935 1218 972 est
1250 929 1302 971 ab

306 998 540 1051 antiquitus
583 998 851 1040 Amazonum
897 997 1034 1051 diota,
1079 1004 1304 1053 postquam

307 1082 377 1108 eas
419 1066 470 1108 de
504 1065 733 1109 Caucaseis
773 1066 987 1108 montibus
1028 1067 1164 1109 exisse
1199 1067 1304 1123 legi-

305 1151 414 1177 mus.
471 1135 622 1177 deinde
647 1136 786 1192 tangit
810 1136 1054 1177 Roxolauos
1072 1134 1302 1178 Sarmatos.

350 1203 447 1247 126.
523 1204 631 1245 Item
677 1220 753 1259 per
797 1202 1053 1246 sardonium
1098 1205 1303 1257 intimavi,

308 1273 380 1326 qui
419 1274 548 1314 refert
586 1273 700 1327 quod
739 1279 836 1328 post
874 1272 985 1313 hanc
1014 1271 1304 1314 sarmatorum

305 1342 486 1395 patriam
528 1340 727 1384 Oceanus
773 1341 1071 1398 innavigabilis
1113 1342 1181 1383 sit.
1253 1357 1303 1383 ex

309 1410 428 1451 cuius
466 1418 606 1452 autem
647 1410 882 1453 Sarmatiae
927 1410 1144 1452 montibus
1183 1411 1305 1466 plura

354 1560 474 1589 codices
499 1559 563 1597 ΜΞ..
715 1537 759 1576 cf.
777 1537 853 1566 Rav.
877 1538 940 1566 168
968 1538 987 1566 8
1005 1547 1049 1575 sq.
1077 1537 1143 1566 324
1173 1537 1190 1565 7
1209 1548 1256 1576 sq.

903 1585 970 1613 200
997 1585 1015 1612 5
1035 1594 1078 1622 sq.

311 1661 325 1688 1
365 1659 649 1699 spaciosissiniaf.
736 1661 754 1689 2
793 1660 934 1698 planitiis
961 1660 1006 1689 bv.
1082 1662 1099 1689 3
1139 1661 1246 1698 spacia
1267 1660 1300 1699 f.

307 1707 318 1735 ΙΙ
337 1707 464 1744 gazaria
489 1717 516 1735 r.
606 1708 626 1736 4
659 1708 774 1736 scithia
799 1706 844 1746 bf.
943 1709 960 1736 5
1001 1708 1243 1745 corriographus
1267 1706 1301 1746 f,

307 1754 549 1791 chonographus
576 1754 603 1790 b,
643 1755 889 1792 cosmographus
914 1754 991 1782 It’av.
1067 1755 1084 1783 6
1125 1754 1300 1791 Chazaros]

307 1809 438 1838 gazaros
475 1811 502 1829 ν.
590 1802 607 1831 8
646 1803 775 1839 postea]
802 1805 970 1839 postquam
1007 1801 1085 1830 Rav.
1173 1802 1190 1830 9
1231 1810 1303 1830 cau-

308 1848 387 1876 casis
413 1857 440 1876 v.
485 1848 495 1876 Η
543 1857 668 1877 manare
694 1858 720 1883 v,
748 1848 844 1877 fuisse
866 1849 944 1876 Rae.
1038 1849 1077 1876 10
1105 1849 1237 1877 eandem
1256 1847 1302 1886 bf.

307 1895 318 1922 ΙΙ
338 1903 509 1923 occeanum
536 1894 581 1934 bf.
676 1896 714 1923 11
749 1894 893 1924 cholchie
926 1893 971 1933 bf.
1071 1896 1110 1923 11
1142 1895 1181 1924 12
1221 1895 1304 1924 anti-

307 1942 413 1978 quitus
439 1942 479 1970 ab
506 1952 532 1978 2¹,
567 1943 606 1971 ab
625 1943 763 1980 antiquis
788 1942 865 1971 Rav.
886 1941 929 1970 29
957 1941 1010 1970 19.
1088 1942 1128 1970 14
1155 1952 1211 1970 rex
1238 1941 1302 1971 ola-

306 1997 363 2017 nos
388 1998 415 2016 v.
493 1990 531 2018 15
566 1990 735 2018 sardonum
760 1999 787 2017 v.
826 1989 837 2017 ΙΙ
873 1989 1034 2024 intimavi]
1062 1989 1201 2018 indicavi
1223 1989 1300 2017 Rav.

308 2036 348 2063 16
388 2035 457 2072 qui]
492 2036 567 2072 quid
603 2046 629 2065 ν.
743 2037 782 2065 17
822 2039 960 2065 000θῆῃῇ
993 2035 1020 2071 b,
1067 2045 1234 2065 occeanum
1265 2033 1298 2073 f.

310 2083 348 2110 18
387 2083 537 2111 sarmacie
567 2081 599 2121 f.
