1420 2437
131 734 149 759 TE
133 666 149 693 «Ι
131 597 149 624 02
131 526 149 554 0¹
131 458 148 485 ›L—
130 389 148 417 00
130 322 148 349 [Ὁ
133 254 146 280 μ*

113 871 149 897 10

111 922 148 967 11

112 1010 150 1037 1-1

111 1080 151 1107 13

111 1148 151 1175 14

110 1219 149 1246 15

111 1287 150 1315 16

163 142 203 171 32
1132 143 1200 176 439

399 239 681 281 Raxtomessa

398 306 542 350 Senua

399 375 538 418 Cunia

399 446 550 487 Velox.

257 514 295 555 F
298 515 428 556 initur
458 522 598 557 autem
628 516 722 571 ipsa
740 517 976 558 Britannia.
1039 532 1063 558 a
1090 518 1198 559 faeie

202 584 376 625 orientis
410 583 537 625 habet
576 585 758 626 insulam
789 585 913 626 Thile
946 592 988 627 et
1019 587 1200 628 insulam

200 652 446 705 Doroadas,
492 669 517 694 a
561 654 668 695 facie
714 654 947 696 occidentis
988 671 1040 696 ex
1079 661 1199 710 parte

200 722 462 777 provinciam
485 721 670 764 Galliam
693 730 734 764 et
754 724 1093 778 promunturium
1114 724 1200 780 Py-

201 792 330 843 renei,
353 807 377 832 a
396 792 504 832 facie
527 793 868 846 septentrionalis
890 792 1072 833 insulam
1095 791 1200 835 Sco-

200 861 318 913 tiam,
349 876 373 901 a
406 861 514 902 faeie
542 860 774 902 meridiana
796 860 1070 903 Germaniam
1091 861 1201 903 anti-

202 945 341 983 quam.

245 998 315 1042 32.
377 998 537 1040 Iterum
568 1000 611 1040 in
633 998 782 1040 eodem
805 998 980 1041 Oceano
1001 998 1201 1040 occiden-

203 1069 293 1121 tali„
325 1074 424 1123 post
455 1069 589 1123 ipsam
616 1084 814 1122 magnam
833 1068 1113 1121 Britanniam,
1145 1069 1200 1110 si·-

202 1138 373 1191 mulque
406 1143 448 1178 et
478 1137 658 1192 amplius
689 1137 882 1193 longius⁷
922 1143 969 1178 ut
1000 1137 1200 1190 diximus,

202 1222 328 1261 quam
360 1222 505 1248 omnes
536 1206 698 1248 insulae
728 1222 752 1247 a
772 1212 886 1248 terra
907 1222 1062 1263 magna
1080 1207 1202 1248 finita

200 1283 321 1332 parte
353 1276 687 1331 septentrionali,
716 1276 852 1332 magis
885 1291 937 1316 ex
966 1276 1060 1330 ipsa
1087 1276 1200 1317 oeci-

203 1345 381 1397 dentali,
421 1351 486 1386 est
516 1345 655 1386 insula
693 1346 876 1386 maxima
907 1359 1014 1399 quae
1046 1344 1200 1385 dieitur

207 1473 220 1499 1
260 1471 466 1500 Ractomessa
495 1471 579 1499 editi.
678 1471 695 1498 2
735 1469 856 1506 senua]
891 1465 1013 1511 Σήνου
1037 1480 1121 1501 ποτ,
1147 1470 1201 1500 ἐκ·

202 1515 312 1559 βολαί
334 1516 417 1546 Ptol.
435 1517 490 1546 sed
506 1519 537 1546 in
554 1517 718 1546 Hibernia.
784 1518 801 1545 3
830 1516 933 1546 Cimia
951 1517 1035 1545 editi.
1085 1517 1105 1545 4
1126 1521 1200 1553 post

203 1564 308 1594 Velox
336 1564 359 1593 C
383 1564 455 1593 add.
483 1565 520 1593 de
545 1565 660 1593 finibus
685 1564 821 1593 britanie
847 1568 878 1593 et
903 1563 1038 1601 qualiter
1062 1563 1199 1592 finiatur.

203 1613 220 1639 5
261 1613 382 1647 autem]
409 1612 448 1640 ab
475 1612 511 1647 A,
538 1621 595 1640 om.
623 1610 652 1640 C.
691 1611 703 1640 11
737 1612 876 1640 britania
899 1610 963 1640 BC.
1037 1612 1054 1639 (3
1080 1611 1200 1639 habens

203 1659 287 1687 editi.
331 1659 342 1687 11
385 1657 486 1696 Thyle
511 1668 612 1697 mary.
641 1657 664 1687 C
687 1662 715 1686 et
741 1658 824 1694 editi,
863 1659 951 1687 Tilae
976 1657 1093 1693 Etln'c„
1131 1657 1200 1686 Tile

204 1705 332 1742 (Thule)
354 1704 443 1734 Oros.
481 1705 493 1734 11
529 1707 576 1741 61]
602 1709 633 1734 61
649 1708 681 1734 et
700 1704 729 1741 0,
756 1705 807 1734 vel
833 1706 890 1733 AB
915 1705 1001 1733 editi.
1075 1705 1092 1733 7
1120 1704 1201 1733 Dor-

203 1752 314 1788 cadas]
339 1756 411 1780 sum
429 1751 568 1781 Orcades
585 1752 716 1781 insulae.
792 1754 809 1781 8
836 1752 1020 1789 provinciae
1042 1751 1098 1779 AB
1115 1751 1199 1780 editi.

202 1799 214 1828 ΙΙ
231 1798 378 1836 gallicam
407 1798 437 1828 G.
476 1799 488 1827 11
522 1799 773 1836 promontorium
799 1799 884 1827 editi.
922 1799 933 1827 11
969 1798 1117 1836 Pyrenei]
1142 1808 1200 1835 pu-

203 1845 292 1875 nurei
315 1846 352 1881 A,
389 1846 522 1883 pumirei
555 1844 586 1875 C.
671 1846 688 1874 9
727 1845 830 1874 insula
854 1845 922 1874 AB.
960 1845 971 1874 ΙΙ
1006 1845 1108 1874 scotia
1131 1845 1199 1881 AB,

203 1894 312 1922 scorea
338 1892 369 1921 Ο.
445 1893 485 1921 10
516 1893 554 1921 11
583 1892 745 1930 germania
768 1893 899 1929 antiqua
922 1892 989 1921 AB.
1064 1892 1103 1920 11
1126 1896 1201 1929 post

203 1940 366 1976 antiquam
394 1938 417 1968 C'
440 1939 513 1968 add.
546 1940 582 1968 de
615 1938 719 1968 insula
742 1939 873 1976 ybernie
898 1939 930 1967 in
956 1947 1091 1968 occeano
1117 1939 1201 1968 occi-

203 1985 322 2015 dentali
340 1990 413 2023 post
429 1995 577 2023 magnam
594 1986 763 2014 britaniam
781 1990 812 2014 et
828 1985 964 2023 amplius
982 1995 1076 2023 quam
1094 1995 1200 2015 omnes

203 2033 304 2062 insule
330 2037 360 2061 et
384 2032 510 2071 longius
535 2033 641 2070 posita
667 2041 726 2069 que
750 2033 852 2061 scoria
878 2033 1001 2061 dicitur.
1069 2034 1109 2062 13
1136 2034 1200 2062 bri-

203 2080 321 2109 taniam
335 2079 398 2109 BC.
453 2080 492 2108 14
518 2079 654 2118 longina
673 2082 709 2108 ut
722 2079 872 2116 diximus]
891 2081 910 2108 9
938 2079 992 2108 13.
1046 2080 1084 2109 15
1111 2080 1201 2110 finita

203 2136 319 2166 magna
347 2126 378 2156 C'.
