1420 2437
188 184 258 216 200

215 843 231 870 Ὦ
215 774 232 801 00
216 705 232 732 *l
215 637 232 665 0>
216 569 232 597 0¹
215 500 233 526 ›5³-
215 430 231 457 ω
214 364 232 392 10
216 298 227 324 ⁵-‘

192 911 208 1280 μι-ιι-ιι-ιι-ιω

215 911 234 1280 ςπιμωιψν-ιο

194 1390 207 1417 Η
193 1322 207 1349 Η

217 1390 233 1418 *J
216 1322 232 1350 Φ

1158 183 1203 212 IV
1232 184 1269 212 11

281 282 367 337 legi
387 281 679 322 Ptolomaeum
711 295 853 336 regem
881 280 1192 336 Aegyptiorum
1224 296 1275 321 ex

283 350 414 405 stirpe
445 348 757 401 Macedonum,
798 348 875 390 sed
914 355 955 389 et
984 350 1276 404 praenomina-

282 426 373 459 tum
404 418 543 473 Hylas
582 424 708 471 atque
739 416 995 459 Sardonium
1035 425 1076 459 et
1111 417 1276 473 praedi—

284 493 399 528 ctum
448 486 744 528 Aristarchum
783 485 1046 528 Graecorum
1091 487 1277 542 philoso-

282 555 412 611 ph0s3
476 556 551 598 sed
605 571 684 612 ego
737 555 970 597 secundum
1023 555 1277 598 Sardonium

282 624 418 679 ipsam
434 624 731 667 Sarmatonum
746 625 926 679 patriam
941 624 1138 666 indicavi.
1180 632 1275 680 post

283 708 409 747 quam
430 694 611 749 patriam
633 692 833 735 Oceanus
862 693 1161 749 innavigabilis
1185 709 1276 735 esse

283 762 522 804 ascribitur.
586 778 637 803 ex
664 763 783 804 cuius
805 761 1039 805 Sarmatiae
1063 762 1276 804 montibus

283 838 437 872 exeunt
458 832 640 887 plurima
660 831 847 883 flumina⁷
876 832 987 872 inter
1008 839 1148 872 cetera
1167 847 1276 873 unus

284 900 438 943 fluvius
478 899 671 956 procedit
708 901 751 941 in
796 898 969 942 Oceano
1015 900 1087 954 qui
1124 899 1279 941 dicitur

282 969 468 1026 Bangis,
507 976 547 1010 et
589 969 696 1010 alius
728 969 843 1010 venit
881 969 1001 1022 quasi
1031 968 1085 1009 ad
1114 976 1278 1024 partem

283 1038 489 1092 Danubii,
524 1039 596 1092 qui
630 1037 787 1079 dicitur
816 1037 1003 1092 Appion.

342 1106 452 1148 Item
470 1107 689 1148 confinalis
708 1106 895 1148 eiusdem
911 1105 1144 1148 Sarmatiae
1160 1107 1279 1148 iuxta

285 1174 508 1217 Oceanum
528 1176 700 1231 ponitur
718 1175 856 1230 patria
878 1190 984 1230 quae
1007 1174 1163 1216 dicitur
1172 1173 1278 1230 Scy-

283 1244 387 1297 thia,
419 1260 526 1299 quae
559 1245 728 1285 omnino
750 1251 926 1285 actuosa
946 1244 1102 1285 existit.
1153 1259 1279 1298 quam

283 1313 464 1368 patriam
486 1328 614 1368 supra
635 1314 836 1368 scriptam
858 1312 1173 1367 descripserunt
1186 1313 1280 1368 phi-

282 1381 450 1437 losophi
487 1382 560 1436 qui
601 1388 642 1423 et
673 1380 945 1432 Sarmatiam3
987 1381 1063 1423 sed
1100 1397 1178 1437 ego
1214 1397 1279 1423 se-

288 1509 299 1535 ]
322 1506 559 1544 ptholomaeum
578 1507 920 1543 C‚Pt01emeumeclit2.
962 1508 977 1535 1
1006 1507 1024 1535 2
1053 1516 1093 1536 ex
1106 1511 1197 1545 tyrpe
1210 1507 1276 1539 AB,

283 1563 325 1582 ex
342 1559 417 1592 type
446 1553 476 1583 C.
543 1555 560 1583 3
587 1554 658 1592 ylas
675 1556 712 1582 A.
773 1555 793 1583 4
820 1554 1042 1583 aristrarehum
1067 1555 1104 1582 A.
1161 1553 1178 1582 5
1207 1553 1280 1583 Sar-

285 1601 429 1636 donium]
457 1601 506 1629 hic
532 1601 652 1629 accedit
679 1601 787 1629 Guido.
863 1602 880 1629 6
919 1605 1116 1630 sarmotanus
1141 1601 1179 1636 Β,
1207 1600 1279 1630 Sar-

283 1648 433 1676 matantis
460 1648 544 1684 editi,
585 1647 799 1676 Sarmatorum
827 1648 892 1675 199
921 1647 975 1675 14.
1012 1648 1023 1675 Η
1058 1648 1219 1677 nominavi
1247 1647 1277 1677 C.

286 1695 302 1722 7
330 1695 433 1732 patria
450 1695 517 1722 AB.
555 1695 566 1722 Η
603 1703 789 1723 oceanorum
814 1695 880 1730 AB,
908 1698 1047 1723 occeansl
1075 1693 1106 1724 C.
1143 1694 1155 1723 Η
1189 1696 1279 1724 inna-

281 1741 454 1779 vigabilem
482 1740 513 1770 C.
589 1742 606 1770 8
634 1741 824 1770 adscribitur
850 1742 934 1770 editi.
1010 1742 1027 1770 9
1053 1751 1135 1771 unus
1152 1742 1277 1778 fluvius]

281 1797 379 1817 unum
397 1788 453 1817 ΑΒ
471 1788 555 1817 editi.
631 1789 670 1817 10
697 1789 841 1825 procedit
853 1798 911 1817 om.
925 1788 1039 1817 Porch.
1066 1788 1078 1817 ΙΙ
1101 1789 1134 1818 in
1147 1798 1204 1818 om.
1222 1789 1280 1817 AB

284 1835 367 1864 editi.
405 1835 417 1863 Η
453 1834 580 1864 Oceano
599 1845 657 1864 om.
677 1835 789 1866 Porch,
818 1836 829 1863 ΙΙ
853 1837 923 1873 qui]
943 1839 974 1864 et
994 1834 1023 1872 C,
1044 1836 1129 1873 quod
1148 1836 1174 1864 A
1194 1835 1277 1864 edici.

286 1883 325 1910 11
364 1882 482 1920 hangio
517 1881 554 1917 C,
592 1882 698 1920 raugis
726 1882 766 1918 G,
805 1883 910 1920 Buges
939 1881 1047 1911 Plias?
1082 1882 1136 1911 sed
1167 1883 1193 1911 is
1217 1891 1279 1911 non

285 1930 450 1966 ‚.procedit
482 1928 644 1958 Ocea110⁵·.
683 1930 693 1956 Η
735 1929 822 1958 aliud
853 1930 911 1958 AB
943 1929 1027 1958 editi.
1129 1930 1167 1958 12
1208 1929 1277 1965 qui]

284 1984 342 2012 que
378 1975 407 2012 C,
451 1977 535 2013 quod
567 1978 591 2004 A
625 1975 709 2004 editi.
759 1976 770 2004 Η
817 1977 912 2014 apion
947 1976 987 2012 G,
1028 1975 1099 2014 Apo
1132 1975 1163 2004 fi.
1207 1975 1280 2004 Ταῦ.

288 2024 326 2050 13
366 2023 467 2051 eidem
493 2023 577 2051 editi.
655 2024 694 2051 14
733 2023 830 2052 sithia
864 2023 932 2052 AB.
1008 2023 1047 2052 15
1087 2026 1215 2051 astuosa
1239 2022 1278 2058 Β,

284 2074 430 2098 aestuosa
460 2069 550 2105 editi,
588 2071 741 2099 hereuosa
776 2070 817 2107 G,
856 2069 900 2109 cf.
919 2069 986 2098 168
1013 2069 1044 2105 4,
1079 2068 1132 2097 ubi
1164 2068 1280 2108 legitur

285 2114 416 2152 Scythia
442 2138 448 2144 .
469 2137 475 2143 .
503 2126 653 2145 eremesa.
731 2117 770 2145 16
810 2126 868 2154 sup
894 2117 992 2154 script
1018 2115 1048 2145 C.
1126 2116 1165 2144 17
1206 2117 1276 2153 quil

286 2170 344 2197 que
371 2162 436 2191 ΑΒ.
476 2163 548 2199 quia
577 2162 607 2191 C.
