1420 2437
85 168 111 198 V
138 169 179 198 22
1104 167 1172 202 399

107 282 127 862 Ὄανκισῑυιῶωωμ

86 903 125 931 10

86 971 123 998 11

87 1108 125 1137 13

89 1177 126 1204 14

86 1245 126 1274 15

88 1314 126 1342 16

87 1383 126 1411 17

87 1454 126 1481 18

89 1523 126 1551 19

177 281 293 318 mus,
332 280 384 307 ex
424 263 576 319 quibus
615 264 853 318 aliquantas
892 266 1005 307 oiroa
1044 267 1168 309 litora

177 335 302 377 maris
342 334 615 390 designantes
656 335 740 376 iam
778 335 900 390 plura
936 336 1169 377 nominavi-

177 419 283 446 mus.
345 403 421 446 sed
450 410 591 445 tamen
631 403 730 457 quia
769 404 890 445 multi
928 404 1169 460 philosophi

176 473 312 528 ipsam
351 473 633 514 cersonissum
671 472 781 514 inter
819 472 979 515 insulas
1011 473 1170 515 adscri-

176 547 372 597 pserunt,
418 542 715 583 necessitatem
760 540 965 584 habemus
1013 549 1054 584 et
1092 559 1168 585 nos

177 625 268 652 eam
313 612 424 652 inter
469 610 629 652 insulas
677 610 935 666 adscriptam
977 612 1168 653 civitates

176 680 265 721 eius
294 679 496 734 liquidius
528 678 766 735 designare,
799 679 842 721 id
874 686 935 721 est

374 747 533 791 Stomis

373 815 608 859 Corinthon

375 884 551 928 Generis

372 955 609 1010 Epitauron

372 1024 549 1066 Muleon

372 1093 486 1135 Boas

375 1163 574 1218 Assopon

376 1230 518 1274 Cition

374 1299 606 1342 Acardiam

373 1368 688 1411 Lacedemonia

374 1437 552 1480 Mesene

374 1506 555 1548 Motona

179 1585 194 1612 1
220 1587 293 1621 post
310 1583 489 1621 aliquantas
507 1583 564 1612 AB
582 1584 656 1613 editi
673 1584 745 1613 cedd.
762 1584 923 1623 plurimas.
951 1586 961 1613 Η
986 1585 1094 1615 littora
1106 1586 1170 1614 Bc.

178 1631 196 1659 2
225 1630 423 1668 designantes
453 1631 548 1660 maris
579 1631 637 1659 AB
669 1632 752 1661 editi.
790 1632 801 1661 Η
837 1632 973 1670 plurima
1001 1632 1031 1662 C.
1068 1633 1079 1661 Η
1114 1642 1170 1661 no-

177 1677 383 1714 minavimus]
409 1687 507 1714 supra
532 1677 558 1707 V
580 1678 633 1707 13.
707 1679 727 1708 4
761 1679 940 1708 cesonieum
965 1681 1001 1716 A,
1035 1680 1170 1708 cersoni-

177 1733 247 1754 cum
285 1725 328 1761 B,
379 1724 623 1754 Chersonessum
661 1725 746 1755 editi.
852 1727 868 1755 5
907 1727 1094 1755 necessitate
1131 1726 1169 1754 Β.

180 1771 196 1799 6
225 1771 409 1808 asscriptam
430 1771 460 1808 C,
486 1772 680 1810 adscripsere
706 1776 738 1801 et
763 1773 800 1808 B,
828 1773 1005 1801 adscribere
1031 1776 1062 1801 et
1086 1772 1169 1802 editi.

179 1819 196 1846 8
225 1816 342 1846 Stomis
367 1819 459 1847 etiam
477 1817 544 1847 375
571 1819 625 1847 16.
677 1819 695 1847 9
723 1818 899 1848 Corinthon
924 1820 1015 1847 etiam
1038 1819 1105 1848 376
1134 1820 1170 1855 1,·

178 1865 323 1893 corithon
340 1864 402 1900 AC,
442 1865 604 1894 chonthon
621 1866 659 1894 Β.
759 1866 798 1894 10
839 1864 1017 1895 Cenchreae
1043 1866 1111 1895 376
1138 1867 1168 1895 2.

179 1912 219 1941 11
258 1911 444 1948 Epidauron
470 1910 538 1940 376
563 1912 595 1941 3.
671 1912 711 1941 12
748 1911 876 1940 Maleon
901 1912 976 1941 editi
993 1916 1025 1941 ut
1044 1913 1111 1942 376
1139 1914 1169 1942 4.

181 1959 219 1988 13
258 1958 342 1987 Boas
368 1959 459 1987 etiam
476 1958 542 1987 376
569 1960 601 1988 5.
670 1960 711 1987 14
747 1959 879 1995 Asopon
904 1959 1027 1988 ediciut
1044 1959 1110 1989 376
1138 1962 1169 1989 6.

180 2005 218 2034 15
247 2005 428 2041 cicionABy
450 2004 589 2043 Gythion
603 2005 687 2041 editi,
705 2005 843 2043 Pythion
862 2005 929 2034 376
957 2007 986 2034 7.
1045 2008 1085 2037 16
1112 2007 1170 2036 Ar-

177 2053 267 2082 cadia
292 2051 360 2081 376
387 2052 417 2081 8.
494 2054 533 2082 17
565 2052 796 2081 Lacedemonia
821 2053 913 2081 etiam
938 2052 1006 2082 376
1032 2055 1063 2091 ,9,
1089 2054 1170 2084 lace-

178 2099 356 2128 demoniam
372 2100 429 2128 ΑΒ
447 2099 530 2128 edici.
600 2100 639 2128 18
665 2099 806 2129 Messene
824 2099 892 2128 376
919 2101 971 2129 10.
1041 2103 1079 2131 19
1106 2101 1171 2132 Me-

178 2147 275 2176 thona
300 2146 383 2183 editi,
422 2146 570 2177 Methone
596 2146 664 2175 376
690 2146 744 2175 12.
