1420 2437
241 191 310 224 242

269 303 284 331 1

267 371 285 399 2

267 441 284 469 3

266 511 287 538 4

269 578 286 607 5

269 648 286 676 6

269 716 286 744 7

271 786 288 814 8

271 855 288 883 9

250 923 289 952 10

250 991 290 1019 11

251 1061 291 1090 12

251 1130 291 1158 13

254 1200 293 1227 14

252 1267 292 1295 15

253 1335 293 1363 16

255 1404 293 1431 17

256 1472 295 1500 18

1220 192 1267 222 IV
1284 193 1325 222 27

533 287 775 329 Mandroda

532 357 695 398 Portin.

393 426 476 467 Per
507 441 632 480 quam
661 423 955 481 Burgundiam
983 430 1205 467 transeunt
1234 425 1327 480 plu-

336 496 443 536 rima
487 494 684 546 flumina,
729 494 840 534 inter
886 500 1026 535 cetera
1063 493 1216 535 fluvius
1257 494 1328 547 qui

337 563 494 605 dieitur

531 631 742 674 Rodanus
787 630 1098 681 Lausonensis3
1150 632 1194 671 in
1245 645 1329 685 quo

338 700 518 743 Rodano
549 700 847 757 ingrediuntur
877 699 1063 752 flumina,
1094 699 1139 741 id
1170 706 1234 741 est

536 769 668 811 Duba

538 837 738 894 Saganna

538 907 659 948 Izera

542 974 674 1016 Arab.

402 1043 489 1096 Qui
535 1059 664 1098 supra
709 1044 891 1099 scriptus
936 1042 1088 1084 fluvius
1128 1042 1333 1086 Rodanus

342 1112 580 1169 ingreditur
610 1113 653 1152 in
674 1128 788 1153 mare
811 1111 1025 1153 Gallicum
1045 1111 1195 1154 subtus
1214 1128 1335 1168 prae-

343 1182 473 1222 latam
505 1181 719 1221 civitatem
750 1181 969 1222 Arelaton.

388 1249 459 1293 28.
520 1249 630 1291 Item
653 1250 772 1290 iuxta
790 1250 1022 1304 praefatam
1043 1249 1336 1305 Burgundjam

343 1319 536 1374 proxima
579 1318 684 1359 mari
725 1317 894 1360 Gallico
941 1324 1005 1359 est
1048 1319 1185 1373 patria
1229 1333 1336 1372 quae

347 1387 502 1428 dicitur
530 1387 749 1442 provincia
768 1385 1027 1441 Septimana.
1087 1401 1213 1440 quam
1240 1402 1337 1442 pro-

346 1456 530 1497 vinciam
566 1454 854 1511 Septimanam
894 1454 1208 1510 descripserunt
1244 1455 1338 1510 phi-

351 1612 366 1639 l
400 1610 595 1645 Mandroda]
621 1608 664 1648 cf.
685 1609 750 1638 230
778 1610 830 1639 18.
906 1609 924 1637 2
956 1609 1082 1644 Portin]
1109 1609 1198 1638 hodie
1223 1609 1338 1639 Poten-

346 1657 407 1685 trni
432 1656 600 1685 Reiorum-(l.
688 1657 708 1685 4
740 1661 816 1693 post
840 1659 942 1684 cetera
966 1657 992 1684 A
1021 1658 1134 1693 repetit
1164 1660 1336 1686 transeunt.

348 1705 365 1732 6
404 1703 576 1732 Rhodanus
602 1703 691 1735 editi,
730 1707 759 1731 et
783 1704 826 1731 sic
846 1712 959 1739 porro.
1033 1704 1051 1732 7
1089 1703 1263 1741 ingreditur
1296 1704 1336 1732 Β.

349 1751 366 1778 8
405 1750 516 1785 Duba]
543 1748 586 1788 cf.
606 1750 670 1778 241
699 1750 753 1778 16.
828 1750 845 1777 9
886 1748 1012 1787 Sagana
1037 1749 1126 1785 editi,
1165 1749 1337 1788 Saugonna

349 1796 519 1834 Greyorius
559 1796 647 1833 Tur„
698 1796 846 1834 Sagonna
893 1795 1065 1825 Chronicon
1106 1796 1336 1834 Moissiacense,

349 1844 439 1872 Pertz
471 1844 489 1872 I
517 1843 596 1872 312.
629 1843 779 1878 „Avarim
812 1852 903 1880 quem
936 1842 1135 1872 Sauconnam
1165 1842 1334 1881 adpellant.

348 1891 521 1919 Ammiann*
540 1890 632 1919 Roth.
697 1891 735 1919 10
764 1891 850 1918 izora
869 1889 898 1925 C,
918 1890 1004 1918 Isara
1021 1889 1104 1919 aliis.
1167 1891 1206 1918 11
1233 1889 1335 1926 Arabl

350 1947 390 1965 an
414 1937 495 1966 Arar
525 1937 618 1966 Tab.·.2
655 1940 674 1967 z‘.
693 1947 721 1975 q.
755 1936 910 1974 Saganna.
1002 1937 1041 1965 12
1079 1936 1193 1966 fluvius
1218 1945 1276 1964 om.
1305 1935 1336 1965 C.

353 1985 393 2012 14
426 1988 499 2021 post
529 1983 679 2013 Arelaton
721 1983 743 2012 C
777 1983 849 2012 add.
887 1984 924 2012 de
961 1984 1124 2020 provincia
1161 1984 1337 2020 septimana

349 2032 495 2068 proxima
521 2031 598 2060 mari
629 2031 755 2069 gallico.
854 2031 894 2059 10
931 2030 1111 2067 proximum
1134 2030 1172 2057 A.
1209 2029 1221 2058 ΙΙ
1255 2038 1338 2059 mare

349 2077 498 2115 gallicum
522 2078 588 2106 AB.
663 2079 703 2106 17
728 2077 889 2114 provintia
912 2077 950 2105 B.
989 2077 1001 2105 ΙΙ
1035 2075 1230 2113 Septimania
1254 2076 1337 2113 editi,

350 2123 393 2161 cf.
412 2124 455 2152 238
487 2124 541 2152 17.
591 2125 602 2153 Η
648 2125 839 2162 provintiam
869 2124 915 2159 B,
953 2123 1221 2160 praenominatam
1253 2123 1336 2152 editi.

355 2171 392 2198 18
432 2170 658 2208 Septimaniam
683 2171 767 2205 editi,
795 2175 823 2198 et
846 2172 890 2199 sic
916 2169 1065 2207 deinceps.
