1420 2437
63 185 90 215 V
119 186 158 215 13
1088 183 1156 216 377

88 784 105 811 00
90 715 106 741 x!
89 647 106 675 0⁵³
88 586 105 605 0
90 577 101 583 Ι
87 506 107 534 ιβ
87 436 105 464 ω
88 367 104 394 Ν)
93 297 103 325 r·-

354 280 592 323 Samae-hon

355 348 468 403 Olia,
499 349 733 405 Olimpidia

353 418 481 460 Etide

356 485 516 543 Cylene

355 557 496 599 Dimis

355 625 507 667 Patras

355 694 495 750 Egion

354 763 489 819 Egira

355 831 501 874 Sieion

357 899 501 943 Chele.

216 969 325 1010 Item
356 971 575 1025 praedicta
607 972 756 1013 civitas
786 970 946 1014 Stomis

357 1037 518 1081 Creusa

355 1108 577 1150 Antheton

358 1178 564 1218 Antioera

161 1375 175 1402 l
205 1372 384 1403 Samachon
401 1376 493 1403 eciam
505 1373 571 1403 400
596 1375 627 1411 3,
654 1374 819 1404 samadion
832 1373 893 1409 AC,
920 1373 1055 1403 Samaco
1073 1374 1146 1403 Tab.

158 1421 352 1458 psamachon
371 1420 405 1450 G.
440 1422 441 1425 ’
482 1421 500 1449 2
527 1420 600 1451 Olia
625 1431 661 1450 ex
683 1425 825 1459 sequente
849 1420 1026 1459 Olimpidia
1049 1425 1154 1450 natum

156 1477 253 1506 neque
284 1466 374 1506 infra
405 1468 432 1496 V
459 1468 503 1496 22
534 1478 628 1506 neque
660 1469 692 1497 in
727 1467 752 1497 G
783 1469 949 1505 reperitur.
992 1468 1004 1497 Η
1045 1467 1157 1506 Olym-

159 1515 247 1552 pidia
265 1514 348 1550 editi,
369 1513 553 1553 Olimpiada
566 1515 632 1544 400
652 1515 682 1551 4,
710 1514 862 1553 Olympia
884 1515 956 1544 Tab.
1014 1516 1032 1544 3
1059 1515 1155 1544 Etide

159 1563 252 1590 etiam
271 1561 338 1590 400
365 1561 385 1590 5
406 1571 469 1599 pro
494 1561 598 1599 Elide,
631 1562 736 1600 eytide
763 1561 804 1598 G,
837 1561 957 1591 Netido
983 1560 1155 1600 (Hetido‘3)

163 1608 236 1638 Tab.
308 1609 325 1637 4
356 1608 487 1647 cylenne
516 1608 546 1645 C,
580 1608 692 1638 cillene
717 1610 753 1644 A,
788 1608 897 1638 Cilene
922 1609 987 1638 400
1017 1609 1047 1645 6,
1081 1608 1156 1647 Cyl-

156 1655 227 1684 lene
246 1655 318 1684 Tab.
392 1656 410 1685 5
446 1656 550 1685 Dimis
575 1657 668 1685 etiam
685 1656 751 1685 400
780 1655 808 1692 7,
843 1656 926 1685 dime
954 1655 985 1692 C,
1019 1657 1112 1694 dyme
1129 1657 1155 1683 Α

158 1711 225 1731 cum
251 1702 335 1738 Tah„
374 1702 488 1741 Dymis
513 1703 598 1732 editi.
684 1703 701 1732 6
739 1703 849 1732 Patras
875 1704 968 1731 etiam
988 1702 1053 1731 400
1082 1702 1101 1730 8
1128 1707 1156 1730 ec

159 1748 338 1785 (nonnullis
351 1749 485 1785 additis)
505 1750 540 1786 G,
559 1753 648 1788 patre
662 1748 724 1785 AC,
742 1749 876 1779 Pathras
891 1749 962 1778 Tab.
1015 1750 1032 1778 7
1051 1748 1156 1787 Egion

158 1797 251 1824 etiam
269 1795 334 1824 400
363 1796 392 1833 9,
418 1796 543 1834 Aegion
568 1797 651 1832 editi,
679 1805 756 1834 egea
781 1805 861 1833 quae
878 1804 978 1833 egeon
1005 1794 1156 1832 (nonnul-

161 1841 199 1870 lis
224 1841 359 1877 additis)
380 1842 415 1879 G,
443 1842 550 1880 Agion
567 1843 640 1872 Tab.
714 1843 732 1871 8
771 1842 869 1880 Egira
894 1843 987 1871 etiam
1007 1842 1073 1871 400
1100 1843 1155 1878 10,

160 1896 256 1927 egyra
282 1887 344 1925 Ac,
382 1889 498 1927 Aegira
523 1889 607 1924 editi,
644 1887 743 1926 Agira
765 1889 837 1917 Tab.
937 1889 953 1918 9
993 1889 1088 1918 sition
1125 1888 1155 1925 C,

161 1935 276 1965 siction
293 1936 329 1971 A,
359 1934 478 1974 Sicyon
503 1935 587 1972 editi,
614 1934 734 1964 Sitiora
750 1935 816 1964 400
843 1936 898 1972 11,
926 1934 1052 1965 Sicione
1082 1936 1155 1965 Tab.

164 1983 203 2011 10
231 1981 454 2012 Chele—378
483 1983 500 2010 2
525 1982 744 2020 Naupastores
768 1991 827 2011 om.
855 1981 890 2011 G.
966 1983 1006 2012 10
1041 1981 1155 2018 Chele]

160 2029 284 2058 Lechae
304 2028 388 2065 editi,
415 2029 519 2058 Leche
537 2029 602 2058 400
630 2029 685 2065 12,
711 2028 805 2058 Lethi
826 2028 911 2065 Tab„
930 2033 975 2059 est
986 2030 1155 2070 Λέχαιον.

165 2077 202 2105 11
243 2075 377 2112 Stomis]
410 2076 505 2105 tomis
538 2076 567 2104 B
592 2075 684 2112 editi,
735 2074 779 2114 cf.
798 2075 865 2105 375
891 2076 936 2104 16
972 2080 1001 2105 et
1030 2076 1098 2106 399
1125 2077 1155 2106 8.

164 2124 204 2152 12
244 2122 363 2152 Cerusa
388 2123 454 2152 198
481 2123 536 2151 11.
623 2123 663 2152 13
700 2121 864 2152 Antheton
889 2125 982 2152 etiam
1007 2124 1074 2153 198
1104 2124 1145 2152 12

163 2174 277 2200 anteon
302 2171 338 2199 Α.
414 2171 453 2198 14
493 2170 645 2199 Anticara
672 2169 739 2199 198
766 2170 820 2205 13,
859 2171 993 2200 anticira
1019 2170 1051 2200 C.
