1420 2437
85 275 105 852 Φωκῐζῒ-Ψιρωῠζὶμ
62 162 90 191 <

66 894 80 1337 ι-ιι-ιι-ιι-ιι-ι-ιμ

87 893 106 1338 Φθῐνρῡῦιῦμῦ

121 162 135 191 1
141 162 162 191 4
1084 161 1155 194 383

355 257 596 299 Concordia

355 327 547 368 Altinum

354 395 579 437 Tarbision
597 395 668 450 qui
687 401 727 435 et
737 394 973 437 Tribioium
994 395 1152 438 dicitur

352 464 576 506 Patavium

354 533 616 576 Monssiliois

353 602 534 644 Prosilia

353 671 563 713 Adestum

353 740 656 796 Adrianopolis
689 758 714 783 a
745 757 828 796 qua
858 757 973 784 mare
995 741 1151 784 Adria-

153 809 286 850 ticum
317 825 342 851 a
372 809 627 864 quibusdam
657 810 921 864 nominatur,
959 812 1060 853 item
1093 812 1151 853 oi-

155 878 265 920 vitas
297 878 415 920 Adre
449 886 490 920 et
521 895 649 935 supra
680 880 838 935 scripta

354 948 571 990 Ravenna.

212 1017 254 1058 A
298 1033 426 1072 supra
465 1018 624 1073 scripta
655 1017 825 1059 civitate
857 1033 964 1073 quae
995 1018 1151 1060 dicitur

154 1086 425 1128 Duraohium
460 1087 573 1129 oiroa
611 1087 737 1128 litora
774 1088 901 1130 maris
932 1103 1066 1142 usque
1096 1088 1150 1130 ad

155 1157 347 1211 superius
371 1156 529 1198 dictam
551 1156 766 1197 civitatem
782 1155 1031 1198 Ravennam
1051 1164 1150 1199 sunt

155 1225 348 1267 civitates
378 1225 649 1282 septuaginta
678 1224 762 1267 duo
794 1232 835 1266 et
865 1232 1150 1281 supputantur

154 1294 333 1336 miliaria
363 1295 476 1336 mille
507 1294 706 1336 sedecim.

156 1445 170 1472 1
213 1444 391 1474 Concordia
421 1446 512 1473 etiam
544 1444 609 1472 254
639 1445 658 1473 8
684 1448 713 1472 et
738 1444 803 1472 257
832 1446 867 1480 9,
911 1446 1078 1475 concordis
1107 1446 1146 1476 B.

156 1491 173 1519 2
206 1491 348 1521 Altinum
375 1493 467 1521 etiam
485 1491 550 1520 254
579 1491 599 1520 3
617 1496 645 1521 ετ
664 1491 729 1520 257
756 1491 812 1521 10.
862 1492 880 1521 3
907 1491 1076 1522 Tarbision
1094 1494 1145 1530 qui

153 1542 185 1567 et
202 1548 260 1568 om.
278 1539 335 1567 AB
352 1539 442 1574 editi,-
468 1537 511 1577 cf.
531 1539 596 1568 254
617 1539 646 1575 2,
675 1539 742 1568 255
770 1539 800 1575 4,
828 1538 894 1567 257
915 1540 968 1568 11.
996 1539 1008 1569 ΙΙ
1032 1539 1147 1569 dieitur

154 1595 212 1615 om.
230 1586 287 1614 AB
313 1586 398 1616 editi.
471 1588 490 1615 4
516 1585 682 1615 Patavium
707 1587 799 1615 etiam
817 1586 884 1615 254
912 1587 930 1614 1
959 1591 986 1615 ει
1010 1587 1076 1616 257
1104 1587 1148 1615 12

155 1637 183 1662 et
208 1633 344 1670 (additis
368 1633 547 1668 nonnullis)
577 1634 610 1670 G,
649 1634 757 1671 patavi
782 1634 811 1662 B
836 1634 920 1669 editi,
964 1638 1049 1671 pata.
1088 1643 1147 1671 que

154 1683 186 1709 et
213 1680 377 1717 patavium
409 1685 610 1718 nuncupatur
643 1680 672 1710 C.
771 1682 788 1710 5
827 1680 1020 1710 Monssilicis
1056 1682 1148 1709 etiam

156 1726 220 1755 257
249 1726 302 1762 13,
342 1728 515 1757 monssilici
539 1729 582 1763 A,
621 1728 738 1757 montis
769 1728 851 1756 silici
878 1729 905 1756 Β
929 1727 1019 1763 editi,
1057 1737 1147 1756 mons

155 1773 262 1811 sylicis
289 1774 323 1802 G·
399 1776 417 1804 6
444 1774 577 1804 Prosilia
602 1776 694 1804 etiam
720 1775 786 1803 257
816 1775 868 1803 14.
943 1775 960 1802 7
993 1773 1147 1803 Adestum

155 1822 246 1849 etiam
272 1820 338 1849 255¹
365 1822 396 1849 1.
471 1822 488 1850 8
526 1821 751 1858 Adrianopolis
776 1823 868 1850 etiam
894 1821 961 1849 258
988 1820 1018 1856 2,
1046 1821 1147 1850 adria-

154 1866 264 1904 nopoli
288 1868 316 1895 B
342 1868 426 1897 editi.
466 1868 478 1897 11
527 1878 546 1897 a
571 1877 633 1905 qua
652 1889 696 1893 .—
720 1868 758 1896 10
785 1868 870 1896 Adre
895 1877 951 1896 om.
979 1868 1037 1895 AB
1061 1868 1146 1897 editi.

158 1915 197 1943 12
237 1923 316 1951 quae
347 1915 462 1943 dicitur
493 1924 550 1943 om.
582 1915 639 1943 AB
671 1915 755 1943 editi.
856 1916 894 1943 13
935 1915 1084 1944 durachio
1119 1916 1148 1943 B

155 1961 239 1997 editi,
278 1961 420 1999 dyrachii
452 1963 488 1990 A.
539 1962 550 1990 Η
597 1965 668 1990 ante
700 1962 783 1990 circa
807 1962 831 1989 A
858 1961 947 1990 addit
978 1970 1057 1998 quae
1089 1965 1146 1991 est.

154 2009 165 2037 Η
183 2008 292 2037 littora
317 2008 355 2036 B.
394 2008 405 2037 ΙΙ
441 2009 481 2037 ad
506 2018 564 2037 om.
590 2009 619 2037 Β
645 2008 727 2037 editi.
806 2010 845 2037 14
872 2008 1071 2044 Ravennam]
1099 2019 1144 2038 ra-

153 2058 319 2085 vennatem
344 2056 372 2084 B
397 2055 480 2084 editi.
569 2056 607 2085 15
635 2056 836 2093 septuaginta
860 2056 938 2091 duo]
964 2059 1036 2084 sunt
1059 2065 1143 2085 sema—

151 2104 241 2141 yz'nta
264 2111 379 2138 novem,
418 2111 486 2131 Lxx
514 2102 544 2132 C.
582 2103 593 2131 ἲΙ
630 2102 776 2132 milliaria
805 2102 834 2132 C.
912 2104 950 2131 16
986 2103 1144 2132 sexdecim

151 2150 236 2187 editi,
274 2158 330 2178 XVI
359 2148 388 2179 C.
