1420 2437
142 796 159 823 ’Ὀ
142 727 160 754 CI)
143 659 159 686 ⁸]
143 588 160 616 (ἷῖ
143 520 159 548 0¹
141 453 161 479 νβ
142 382 160 409 02
142 313 160 341 KQ
144 245 158 272 )-·

120 865 135 892 1
142 865 159 892 Ο

1170 133 1211 165 17

210 230 328 271 iussu
360 229 412 271 ab
444 230 579 271 oculis
612 230 701 271 eius
733 229 990 271 absconsum
1022 238 1085 273 est
1122 231 1212 286 ipse

210 299 330 340 locus
363 314 446 353 quo
479 299 677 340 existeret
700 297 940 353 paradisus,
973 306 1014 340 et
1045 300 1127 341 nisi
1149 316 1214 340 ar-

210 367 449 409 bitrabatur
480 383 577 409 eum
609 383 701 409 esse
723 367 839 408 velut
871 383 1004 409 unum
1036 368 1088 410 de
1120 369 1212 410 aliis

210 437 315 478 locis
339 438 457 491 (nam
478 434 568 492 ipse
587 443 675 478 erat
694 437 928 478 certissime
943 437 1212 492 paradisus):

211 513 252 562 et
275 506 330 547 ad
350 521 475 560 quem
496 505 817 560 respondemus,
850 506 932 547 hoc
955 506 1083 547 etiam
1113 507 1148 548 si
1170 507 1213 548 in

210 575 394 616 humana
425 582 566 616 mente
598 574 820 627 assederit,
851 575 969 616 velut
1000 591 1129 616 unam
1161 575 1212 617 de

210 645 366 698 iniquis
414 643 744 700 cogitationibus
796 659 889 685 esse
931 644 1212 698 decernimus,

212 713 327 768 quod
375 712 661 768 corruptibilis
712 713 867 754 missus
909 714 1046 755 fuerat
1087 715 1212 756 homo

211 790 283 824 aut
323 789 472 837 sponte
511 781 810 836 perambulans
853 783 940 823 suis
984 784 1213 839 corporali-

210 851 290 893 bus
344 851 478 892 oculis
525 851 735 905 potuisset
777 851 845 891 vel
897 851 1023 892 modo
1078 854 1214 908 possit

210 920 521 961 nobilissimum
550 918 694 960 videre
733 920 981 974 paradisum
1019 929 1089 963 aut
1122 922 1213 977 pol-

209 990 309 1030 lutis
340 996 498 1030 terram
529 995 722 1030 sanctam
759 989 1055 1043 perambulare
1095 990 1214 1045 pedi-

209 1058 304 1100 bus.
335 1058 506 1113 plurimi
528 1058 639 1098 enim
663 1058 783 1111 quasi
814 1059 1111 1114 cosmographi
1134 1059 1212 1101 sub

141 1144 156 1163 s
209 1143 473 1183 paganorum
492 1134 698 1182 tempore,
731 1134 827 1167 ante
851 1143 976 1181 quam
999 1143 1104 1184 gens
1126 1128 1214 1169 Ro-

145 1211 156 1217 *
210 1212 431 1238 manorum
460 1202 717 1251 potestatem
749 1196 995 1238 dominandi
1025 1197 1214 1252 accepis-

211 1272 276 1307 set
307 1266 543 1317 saeculum,
583 1280 669 1305 11011
702 1264 882 1306 dicimus
926 1265 1040 1319 quod
1076 1272 1212 1307 totum

210 1335 429 1388 mundum,
447 1350 545 1375 nam
555 1333 818 1385 orientalem,
838 1340 935 1374 ante
954 1349 1080 1388 quam
1091 1333 1213 1375 Chri-

210 1404 265 1445 sti
287 1403 355 1444 dei
376 1404 510 1445 nostri
532 1402 584 1443 de
605 1404 852 1458 incorrupto
882 1403 1060 1458 virginis
1092 1409 1212 1444 utero

211 1473 440 1528 corporalis
472 1473 622 1514 fuisset
643 1472 898 1527 praesentia,
930 1479 1043 1524 ante,
1075 1472 1211 1513 orien-

207 1542 337 1583 talem
380 1542 553 1598 plagam
591 1541 912 1595 descripserunt,
957 1547 1004 1582 ut
1049 1540 1210 1582 dictum

210 1618 288 1652 est.
358 1618 400 1652 et
439 1611 513 1652 ubi
550 1611 631 1652 fuit
667 1610 737 1651 ille
779 1609 948 1666 gladius
985 1610 1210 1662 versatilis,

210 1681 282 1734 qui
322 1680 391 1721 dei
431 1681 552 1722 iussu
598 1694 734 1733 usque
774 1678 829 1720 ad
876 1679 1212 1720 incarnationem

209 1825 225 1851 1
255 1823 373 1851 occulis
390 1824 428 1852 B.
455 1824 466 1851 Η
493 1823 561 1861 ipse
578 1822 668 1851 locus
687 1823 761 1859 quo]
784 1822 850 1859 ipse
868 1821 957 1850 locus
974 1821 1012 1856 Β,
1041 1820 1127 1858 quod
1144 1820 1210 1857 ipsc

206 1869 296 1898 loeus
314 1870 398 1898 editi.
496 1872 515 1898 4
554 1870 737 1905 certissime]
758 1873 840 1897 certe
859 1869 888 1896 Β
905 1868 989 1896 editi.
1088 1868 1105 1895 8
1136 1871 1211 1904 post

208 1917 293 1954 quod
311 1916 386 1945 editi
402 1916 522 1944 addunt
545 1917 608 1953 qui.
637 1917 648 1943 ll
677 1914 1045 1953 corruptibilibusccliii.
1071 1914 1082 1941 ἶι
1110 1914 1211 1942 homi-

206 1964 300 1992 nibus
332 1963 388 1992 AB
420 1963 510 1998 edin,-
536 1961 579 2001 cf.
607 1964 651 1991 18
677 1963 697 1990 2
724 1966 752 1990 et
778 1962 832 1990 14.
943 1962 982 1990 10
1027 1960 1145 1990 occulis
1170 1961 1208 1989 B.

211 2012 248 2039 11
282 2010 401 2048 polutis
426 2010 466 2038 B.
566 2011 605 2038 13
634 2010 718 2038 enim
744 2019 802 2037 om.
822 2010 857 2037 A.
886 2009 897 2037 ΙΙ
926 2008 1128 2046 asmographi
1153 2008 1209 2037 AB

208 2058 298 2093 e‹liti,·
324 2056 367 2096 cf.
394 2057 438 2085 13
464 2057 520 2085 15.
597 2058 638 2085 14
667 2056 861 2094 temporibus
887 2056 972 2084 editi.
1050 2056 1088 2084 15
1122 2064 1209 2084 acce-

206 2105 327 2143 pissent
350 2105 389 2133 Β.
488 2104 530 2132 22
569 2100 817 2132 iucarnationis?

967 2159 984 2183 2
