1420 2437
88 174 193 196 vano
224 167 262 194 10
1114 162 1181 194 455

117 764 134 790 00
116 692 133 719 ιΙ
116 624 133 651 Φ
116 553 133 581 U*
114 487 134 512 ἐὺ
115 416 132 442 0:
115 347 132 374 ιθ
118 279 131 306 0...-

94 901 109 1545 v-tt—nt—-t—tr-ssv-t—*t-*u—*tu

115 831 135 1544 φανηαυῑέὶωκυμῦΰ

95 1588 112 1679 ΦῙΦ

119 1591 136 1685 ν-*Ξ

96 1678 111 1686 t

183 277 316 317 usque
355 261 409 303 ad
442 261 782 303 coniunctionem
819 260 955 302 litoris
987 261 1180 315 superius

185 330 324 372 dietae
355 331 596 386 provinciae
629 330 836 371 Histriae.

227 399 266 442 9.
329 398 545 442 Searifum
577 415 676 441 vero
709 398 898 440 eiusdem
918 398 1067 440 Italiae
1090 400 1182 453 qui-

184 468 282 509 dam
312 469 554 523 philosophi
576 468 774 510 dixerunt
794 468 1040 509 inmanitate
1061 469 1182 525 fungi

183 537 370 590 modum,
403 538 472 578 alii
495 552 660 591 quoque
683 552 860 593 graecae
882 537 1046 578 litterae
1068 538 1182 578 simi-

184 606 429 659 litudinem,
470 606 662 648 nonnulli
698 607 823 647 etiam
853 613 1056 659 tanquam
1086 622 1183 661 pro-

184 675 367 717 miseuos
399 675 532 716 flexus
566 675 783 716 conchilao
815 675 1014 727 marinae,
1053 677 1182 717 ceteri

185 750 326 785 autem
348 745 390 785 in
413 744 584 785 modum
614 745 778 799 palmae
800 744 982 785 hominis
1004 745 1071 786 vel
1092 745 1181 786 folii

183 813 357 867 platani.
428 813 583 854 dieitur
623 814 733 854 enim
773 812 887 867 quod
927 829 951 854 a
980 814 1181 868 praefatis

184 882 368 936 Alpibus
391 884 544 924 searifo
565 883 686 938 fungi
708 882 930 934 ambiatur,
962 898 986 923 a
1007 881 1181 924 meridie

186 958 228 991 et
259 967 373 992 mare
406 950 574 993 Gallico
613 958 815 1005 tanquam
847 951 989 992 littera
1019 967 1183 993 summa

185 1020 447 1073 terminetur,
480 1036 504 1061 a
535 1036 648 1062 mare
670 1020 817 1062 Ionieo
839 1026 881 1060 et
902 1021 1062 1062 oriente
1084 1036 1182 1076 pro-

185 1094 279 1143 pter
310 1089 504 1131 sinuosos
530 1089 664 1131 flexus
686 1089 813 1130 maris
835 1089 967 1130 veluti
989 1090 1184 1132 eonehila

184 1158 404 1213 figuretur,
435 1174 560 1214 porro
592 1174 617 1200 a
647 1159 968 1214 septentrionali
993 1165 1113 1214 parte
1135 1165 1183 1201 ut

183 1228 324 1282 palma
374 1228 554 1269 hominis
614 1228 681 1269 vel
739 1228 888 1269 folium
939 1227 1183 1285 depingitur

181 1297 353 1352 platani.

225 1364 319 1420 (10.
382 1366 543 1407 Verum
564 1366 712 1408 Italiae
733 1365 971 1421 longitudo,
1000 1381 1106 1421 quae
1129 1366 1181 1408 ab

186 1435 386 1491 Augusta
401 1435 620 1476 Praetoria
635 1450 710 1490 per
728 1434 890 1476 Urbem
907 1433 1182 1490 Capuamque

188 1504 419 1559 porrigitur
463 1518 597 1557 usque
643 1503 698 1544 ad
742 1503 945 1558 oppidum
983 1504 1183 1560 Regium,

187 1572 327 1613 decies
351 1578 529 1613 centena
550 1578 591 1613 et
612 1573 763 1628 viginti
782 1588 986 1628 passuum
1007 1573 1183 1629 colligit,

186 1642 382 1694 latitudo,
413 1640 486 1682 ubi
506 1641 748 1696 plurimum,
780 1641 1090 1698 quadringenta
1111 1641 1184 1682 de-

234 1795 355 1824 codices
381 1795 476 1835 bsmr.
555 1794 599 1834 cf.
616 1796 695 1825 Rav.
715 1796 780 1825 294
809 1797 828 1825 8
845 1806 909 1834 sq.‚·
934 1795 1035 1825 Solin.
1062 1805 1088 1825 c.
1104 1796 1135 1824 2.

191 1867 205 1895 1
234 1865 352 1894 littoris
388 1875 426 1900 m,
464 1865 585 1895 lictoris
622 1876 649 1895 r.
724 1867 742 1896 3
777 1866 940 1901 searifum]
967 1866 1130 1904 cariphum
1154 1865 1183 1903 f.

188 1917 205 1941 4
234 1912 428 1950 phylosophi
459 1922 488 1941 m
521 1912 570 1941 hic
602 1915 631 1941 et
661 1912 761 1951 infra.
797 1913 808 1941 ΙΙ
843 1913 1006 1942 imanitate
1037 1923 1076 1949 m,
1113 1912 1182 1942 scil.

182 1969 245 1997 pro
271 1960 302 1988 in
328 1959 495 1988 amanitae.
586 1961 603 1988 6
638 1960 749 1996 etiam]
776 1963 807 1988 et
830 1970 869 1991 m.
959 1961 975 1988 7
1013 1959 1118 1989 felxus
1142 1970 1183 1989 m.

189 2008 207 2036 9
247 2006 399 2044 predictis
422 2005 456 2044 f.
533 2008 572 2035 10
611 2008 746 2036 searinfo
764 2006 798 2045 f.
874 2007 912 2036 11
953 2009 1084 2043 summa]
1111 2008 1131 2036 i.
1157 2016 1182 2036 e.

188 2054 299 2091 sigma.
400 2054 439 2081 17
478 2053 595 2082 Verum
621 2075 665 2079 —
689 2055 755 2082 456
798 2055 814 2083 7
854 2058 986 2083 centena
1019 2056 1109 2090 sunt]
1148 2063 1184 2082 ex

189 2100 292 2129 Solimi
317 2109 385 2137 cap.
401 2100 431 2128 2.
532 2102 570 2129 17
611 2105 744 2138 angusta
777 2100 804 2129 b.
906 2102 945 2130 19
985 2101 1131 2140 dirigitur
1155 2100 1183 2130 b.

192 2148 232 2176 ‘20
272 2149 437 2185 passuum]
463 2147 551 2177 milia
575 2157 724 2186 passuum
751 2147 887 2177 Solinus.
