1420 2437
223 171 292 204 264
1196 174 1239 203 IV
1265 175 1283 203 3
1290 174 1306 202 2

253 286 265 312 1
375 269 483 310 Item
514 271 631 311 iuxta
671 285 783 310 mare
816 268 1030 311 Gallicum
1062 278 1123 311 est
1158 271 1306 311 civitas

251 354 267 381 2
317 353 422 393 quae
454 338 609 379 dicitur

250 423 267 450 3
515 406 682 448 Bibona
710 407 919 459 Balentia,
950 409 1050 448 item

247 490 267 518 4
515 476 681 517 Tanum

249 560 265 586 5
514 545 699 600 Tempsa

248 630 265 657 6
515 612 752 669 Clampetia

247 697 264 725 7
515 681 691 724 Cerellis

247 766 264 793 8
512 752 754 793 Laminium

246 834 263 861 τι
512 820 699 862 Blandas

225 902 263 929 10
515 888 740 932 Cessernia

228 972 238 999 1
251 973 262 999 1
513 959 756 1000 Buxentum

225 1040 264 1067 12
512 1027 680 1068 Bellias

225 1109 263 1137 13
512 1096 688 1138 Pestum

225 1178 264 1206 14
513 1163 696 1208 Silarum

226 1244 263 1272 15
512 1232 741 1276 Surentum

223 1315 264 1343 16
513 1301 708 1345 Stabium

224 1383 263 1410 17
516 1370 699 1414 Sarnum

315 1455 334 1483 3
373 1453 499 1483 Vivona
516 1453 664 1483 Valentia
687 1453 713 1482 V
734 1454 766 1490 2,
804 1453 933 1483 Vibona
956 1452 1103 1482 Balentia
1129 1453 1214 1489 Tab„
1251 1452 1306 1481 Vi-

314 1501 400 1530 bona
423 1501 496 1530 Ant.
569 1502 589 1530 4
621 1500 760 1537 Tanum]
787 1500 896 1529 Tenna
919 1500 945 1529 V
967 1500 997 1535 2,
1035 1500 1145 1529 Tauno
1170 1500 1201 1528 fl.
1232 1499 1304 1528 Tah.

315 1547 333 1577 5
360 1547 496 1585 Tempsa
520 1549 612 1577 etiam
635 1547 662 1576 V
683 1548 713 1584 2,
740 1551 882 1585 tempesa
897 1547 934 1583 A,
959 1550 1060 1576 temsa
1078 1546 1117 1574 θ’·
1134 1556 1202 1575 cum
1220 1546 1304 1581 Tab„

314 1598 403 1624 tensa
421 1593 503 1623 θῦμ’.
578 1595 595 1623 6
623 1593 802 1632 Clampetia
818 1595 910 1622 etiam
932 1593 957 1622 V
978 1594 1008 1630 2,
1035 1592 1199 1631 Clampeia
1220 1593 1304 1628 Tah„

313 1640 493 1670 Clambetia
517 1640 600 1670 Plin.
627 1640 723 1670 Mela.
803 1641 820 1669 7
859 1639 990 1670 Cerellis
1014 1641 1107 1669 etiam
1130 1640 1157 1669 V
1179 1640 1208 1676 2,
1248 1638 1306 1669 Ce-

312 1687 386 1717 relis
419 1688 490 1716 Tab.
587 1689 606 1716 8
644 1687 867 1716 Lavimunium
894 1687 922 1715 V
943 1688 973 1723 2,
1015 1686 1184 1716 Lauinium
1219 1686 1303 1723 Tab.‚

313 1734 415 1768 Λᾶος
438 1734 577 1764 Strabo?
650 1735 668 1763 9
696 1734 834 1763 Blandas
859 1735 950 1763 etiam
976 1734 1001 1762 V
1022 1734 1052 1770 2,
1079 1734 1203 1763 Blanda
1231 1733 1303 1762 Ταῦ.

316 1782 355 1810 10
395 1780 542 1811 Cesernia
566 1781 651 1817 editi,
688 1789 842 1810 cesserma
865 1781 901 1817 A,
940 1781 1088 1811 Ceserma
1109 1780 1193 1817 Tab.‚
1231 1779 1305 1809 Cer-

311 1829 400 1858 senia
419 1829 447 1858 V
468 1829 498 1858 2.
566 1830 604 1857 11
633 1828 832 1864 Buxentum]
851 1828 1000 1857 Boxonia
1018 1828 1046 1856 V
1068 1828 1097 1856 2.
1165 1828 1206 1857 12
1233 1827 1305 1856 Bel-

312 1875 371 1904 lias
397 1877 489 1905 etiam
515 1875 540 1904 V
561 1876 591 1912 2,
630 1879 675 1905 est
698 1874 801 1904 Velia.
889 1876 929 1905 13
967 1874 1096 1904 Pastum
1120 1875 1212 1903 etiam
1238 1873 1263 1901 V
1284 1874 1303 1902 2

314 1922 339 1950 G
370 1922 454 1959 Tab„
490 1922 636 1952 Paestum
662 1923 747 1951 editi.
834 1923 874 1951 14
913 1921 1047 1952 Silarum
1073 1921 1103 1950 fl.
1127 1921 1209 1955 Tala„
1249 1919 1305 1949 Sa-

311 1969 424 1998 larium
450 1970 475 1998 V
498 1970 528 2006 2,
554 1970 607 1998 ubi
631 1969 790 1998 adduntur
815 1967 979 1998 Salernum
1005 1972 1033 1997 et
1048 1968 1195 2003 Nuceria,
1222 1967 1306 2003 apud

314 2015 481 2045 Gm‘donem
507 2020 607 2046 autem
632 2016 796 2046 Salernum
822 2020 851 2044 et
874 2015 999 2045 Amalfi.
1074 2015 1114 2044 15
1151 2009 1305 2057 Σούρεψ-

311 2073 379 2094 τον
403 2062 498 2099 Ptol„
525 2062 712 2101 Syrrentum
731 2062 757 2090 V
779 2062 810 2099 2,
850 2062 1000 2092 Surrento
1023 2061 1094 2090 Ταῦ.
1165 2061 1205 2089 16
1233 2060 1303 2091 Sta-

312 2109 382 2138 bios
406 2110 433 2138 V
455 2110 475 2138 2
507 2114 535 2138 et
559 2110 632 2139 Ταῦ.
732 2110 771 2138 17
811 2108 944 2139 Sarnum
983 2109 1072 2137 etiam
1099 2107 1125 2136 V
1147 2107 1177 2143 2,
1217 2107 1305 2136 hodie

312 2154 412 2185 Sarno
439 2157 481 2185 ad
496 2156 625 2194 fluvium
651 2156 794 2185 Samum.
