1420 2437
1190 154 1298 184 11,

256 260 304 294 ut
334 252 538 293 barbarus
561 267 651 292 mos
683 259 760 303 est,
792 252 968 292 forsitan
989 262 1033 291 ut
1057 250 1157 291 olim
1178 266 1252 292 no-

256 323 439 362 minatae
463 328 559 361 sunt
582 320 741 375 patriae
765 320 956 360 civitates
977 319 1045 359 vel
1066 319 1252 371 flumina7

257 406 392 445 nuper
425 389 546 430 aliter
578 388 854 443 appellentur.

317 457 405 499 Sed
426 464 472 498 ut
496 456 549 497 ad
570 457 835 511 propositum
855 455 1097 497 redeamus:
1121 457 1254 497 omni-

257 526 338 567 bus
371 525 634 580 sapientibus
668 525 883 580 cognitum
918 531 981 565 est
1017 524 1131 578 quod
1162 525 1254 565 uni-

258 595 471 636 versitatis
502 593 639 634 bonus
671 594 812 648 opifex
833 591 1028 633 Christus
1061 592 1254 634 dominus

259 671 404 705 noster
427 663 692 716 omnipotens
716 677 767 702 ex
788 661 918 702 nihilo
943 661 1131 702 condidit
1156 676 1256 702 eun-

261 739 329 772 eta
347 732 531 784 fecitque
550 731 774 771 luminaria
795 746 948 786 magna
966 730 1019 770 ad
1036 746 1256 771 ornamen-

260 811 351 841 tum
385 798 582 854 Olympi,
622 814 697 853 per
737 814 843 853 quae
885 800 1148 841 solertissimi
1179 800 1255 839 viri

263 869 463 909 creatoris
485 869 604 908 iussu
624 875 836 909 momenta
867 875 907 909 et
938 874 1129 923 tempora
1158 883 1258 923 sup-

260 944 410 993 putare
432 944 623 992 possunt.
662 952 762 992 ergo
786 936 886 977 dum
908 937 971 978 sol
991 944 1124 977 totam
1146 936 1257 977 diem

262 1022 338 1061 per
377 1005 657 1046 meridianum
698 1006 932 1061 marginem
975 1005 1258 1060 potentissimi

263 1076 383 1116 iussu
413 1075 585 1115 factoris
619 1073 880 1127 exambulat„
919 1089 1257 1128 unamquamque

264 1144 412 1185 horam
452 1142 535 1183 diei
566 1158 696 1183 verno
727 1150 915 1198 tempore
952 1150 1155 1196 tanquam
1185 1143 1260 1184 ho-

263 1212 475 1267 rologium
500 1211 691 1252 ordinem
713 1227 836 1252 suum
852 1228 927 1267 per
943 1227 1168 1253 occursum
1190 1212 1262 1253 de·-

265 1282 429 1336 signat,
475 1296 699 1335 possumus
738 1280 933 1321 arbitrari
971 1281 1262 1322 universarum

266 1350 458 1405 gentium
495 1349 653 1403 patrias
694 1364 768 1403 per
806 1365 1007 1405 magnum
1039 1350 1261 1391 circuitum

266 1417 624 1458 intransmeabilis
659 1415 822 1458 Oceani
851 1418 974 1459 litore
1005 1419 1179 1473 positas,
1222 1425 1263 1460 et

269 1485 440 1527 Christo
480 1486 602 1527 nobis
643 1487 870 1528 auxiliante
911 1487 1107 1528 subtilius
1154 1487 1264 1528 desi-

268 1570 411 1610 gnare.

313 1623 353 1666 2.
415 1623 558 1663 Prima
589 1630 634 1663 ut
667 1623 769 1664 hora
801 1623 884 1664 diei
913 1623 1115 1665 Indorum
1146 1640 1265 1679 repe-

268 1692 436 1732 riuntur
467 1693 703 1746 prosapiae,
735 1707 913 1745 quornm
943 1699 1039 1746 post
1070 1700 1190 1748 terga
1212 1693 1266 1734 ad

270 1760 517 1802 orientalem
538 1761 706 1816 plagam
726 1767 928 1814 tanquam
952 1777 1003 1801 ex
1024 1761 1153 1802 latere
1170 1777 1265 1816 pro-

270 1830 408 1871 ximus
442 1829 555 1870 solus
587 1829 942 1871 intransmeabilis
975 1846 1138 1871 eremus
1160 1831 1266 1871 reia-

273 1976 290 2004 2
329 1980 403 2005 sunt
428 1986 484 2005 om.
511 1978 548 2005 A.
651 1979 668 2006 ’ἶ
706 1977 824 2006 nichilo
850 1979 916 2007 AB.
1017 1980 1055 2008 10
1094 1984 1204 2017 tepora
1228 1980 1266 2007 B.

271 2022 283 2050 11
300 2032 413 2059 supare
431 2024 498 2052 AB.
575 2025 613 2052 12
641 2025 858 2061 potentissime
875 2026 912 2053 Β.
989 2027 1028 2054 18
1057 2026 1185 2054 occeani
1201 2026 1266 2061 AB,

272 2073 300 2096 et
317 2071 362 2097 sic
373 2072 504 2106 passim.
530 2071 541 2098 i,
559 2070 664 2099 littore
682 2073 718 2100 A.
805 2072 845 2100 ‘21
885 2074 930 2107 ut]
949 2074 981 2100 at
1007 2074 1042 2101 Α.
1117 2073 1158 2101 23
1197 2082 1269 2110 pro—

271 2116 376 2144 ximos
391 2119 428 2146 A.
513 2118 555 2146 ‘24
591 2118 693 2147 solum
717 2122 752 2147 A.
781 2119 791 2146 l,
815 2119 957 2147 heremus
982 2121 1017 2147 A.
