1425 2462
154 216 181 241 x
598 217 795 238 PRAEFATIO.

153 311 260 355 v.16
279 326 341 365 sq.
375 309 612 363 „Caesarea
640 326 774 366 usque
807 311 861 353 ad
891 314 1106 355 civitatem
1135 329 1241 367 quae

155 385 360 436 dieitur&
395 391 542 426 contra
572 402 612 440 p.
631 385 716 429 330
747 402 786 427 v.
806 389 831 430 7
865 402 961 428 oum
992 387 1138 429 codiee
1159 388 1242 430 Pa-

154 460 284 502 risino
307 460 598 515 apographum
613 459 825 502 Leidense
847 462 955 502 male
977 463 1131 516 repetit
1149 461 1243 515 „Si-

154 535 251 576 leon
273 533 444 576 Sileon“
480 542 559 575 eto.
609 541 798 575 ceterum
832 536 1122 591 apographum
1142 537 1243 578 Lei-

156 608 285 649 dense
307 607 562 649 foedissimis
585 615 722 650 scatet
751 609 881 661 vitiis,
915 625 967 650 ex
998 609 1158 652 librarii
1179 611 1242 652 in-

156 682 279 724 scitia
301 682 418 734 ortis,
449 697 488 722 v.
506 697 547 737 g.
576 697 652 737 pro
676 680 847 725 Christo
871 683 1001 739 (sigla
1021 685 1241 739 expresso)

155 756 283 797 habet
316 756 522 810 exemplo7
553 771 629 811 pro
660 757 1015 799 intransmeabilis
1044 757 1173 799 habet
1200 759 1243 799 in

155 837 288 872 terras
320 829 526 882 meabilis,
558 845 633 885 pro
662 831 915 887 Tingitanae
947 831 1075 873 habet
1106 831 1244 888 digni-

155 910 257 957 tate,
289 911 368 945 ete.

215 977 344 1030 Quod
367 977 547 1032 denique
571 979 721 1020 attinet
742 978 797 1020 ad
819 979 1010 1020 codicem
1025 979 1244 1021 Havnien-

157 1068 247 1095 sem
269 1068 338 1094 uo.
357 1052 455 1096 358.
479 1054 546 1105 4²⁰,
573 1068 668 1094 eum
690 1069 742 1094 ex
764 1053 947 1094 editione
969 1052 1244 1097 Gronoviana

157 1128 261 1168 anni
297 1127 406 1171 1696
439 1134 636 1169 accurate
670 1128 930 1182 exscriptum
962 1144 1054 1170 esse
1086 1143 1243 1185 cogno-

156 1202 293 1243 vimus
326 1217 378 1242 ex
408 1203 653 1257 specimine,
685 1202 800 1257 quod
818 1201 871 1243 L.
889 1202 1088 1244 Muelleri
1115 1202 1242 1245 bene-

157 1276 366 1318 volentiae
400 1276 616 1318 debemus.

216 1425 339 1466 Haeo
371 1424 423 1466 de
453 1425 706 1467 Ravennati.
769 1426 807 1466 ei
838 1424 1106 1468 adiunximus
1137 1425 1244 1468 Gui-

159 1498 281 1540 donis
312 1499 482 1552 librum,
519 1514 644 1553 quem
674 1514 788 1541 nuno
819 1500 1001 1555 primum
1031 1501 1074 1541 in
1104 1501 1243 1542 lucem

158 1573 335 1615 edimus.
387 1574 500 1615 huno
531 1574 664 1615 multo
696 1574 941 1629 ampliorem
972 1580 1014 1615 et
1035 1575 1244 1629 antiquio-

158 1663 247 1688 rem
287 1647 526 1689 Ravennati
575 1648 755 1689 credidit
792 1648 1042 1690 Theodorus
1085 1647 1243 1691 Oehler

160 1721 334 1776 (Rhein.
367 1722 484 1764 Mus.
522 1723 591 1763 fur
622 1723 875 1779 Philologie,
912 1723 1022 1766 1842
1061 1724 1243 1779 p.314)‚

160 1811 235 1837 nos
278 1802 419 1837 autem
451 1795 695 1838 Guidonem
735 1803 777 1838 et
817 1796 1069 1838 deteriorem
1108 1804 1150 1839 et
1179 1813 1243 1839 re-

160 1871 390 1911 centiorem
421 1885 513 1912 esse
544 1870 785 1912 Ravennati
816 1871 1119 1913 existimamus.

219 1942 432 1986 Gnidonis
466 1945 703 2000 complures
726 1951 873 1986 extant
895 1945 1078 1999 codices,
1109 1947 1152 1987 in
1174 1960 1243 1987 oa-

158 2016 313 2072 talogis
346 2020 501 2073 partim
521 2019 782 2061 Ravennatis
813 2035 966 2061 nomen
996 2035 1097 2075 prae
1117 2034 1162 2061 se
1182 2020 1243 2060 fe-

159 2097 312 2132 rentes.
375 2108 554 2146 quorum
586 2093 882 2135 celeberrimus
914 2100 979 2136 est

191 2167 214 2206 b
257 2165 390 2207 codex
417 2166 707 2209 Bruxeliensis
738 2165 1044 2219 3899—3918‚
1076 2165 1128 2207 de
1159 2181 1242 2220 quo
