1420 2437
116 184 227 206 vao
256 177 296 205 89
1141 176 1209 210 519

138 289 158 732 *lmvprwwvd

141 775 158 802 00

120 913 159 940 10

121 980 158 1008 11

122 1048 162 1075 12

120 1117 160 1144 13

124 1186 160 1213 14

121 1254 160 1282 15

122 1323 161 1350 16

122 1392 162 1418 17

126 1462 163 1488 18

126 1530 164 1558 19

123 1598 166 1626 20

124 1668 163 1695 ‘21

125 1737 165 1765 22

126 1805 166 1833 23

126 1873 167 1901 24

128 1942 168 1971 25

129 2012 169 2040 26

408 272 600 329 Kartago
648 274 831 315 maxima
868 274 1023 330 regalis
1064 275 1211 316 inolita

208 340 439 382 fortissima
486 342 810 397 opulentissima
863 349 989 397 atque
1036 344 1211 386 nobilis-

209 410 328 462 sima,
361 425 487 465 quam
518 411 839 454 robustissimus
873 411 1035 454 Christi
1064 414 1212 455 martir

209 485 250 520 ot
282 480 473 534 pontifex
505 479 732 536 Ciprianus
764 481 932 523 diverso
964 481 1211 538 dogmatum

208 556 402 599 nectare,
448 556 691 604 poematum
732 565 900 605 quoque
947 566 995 592 ae
1038 552 1211 607 sophiae

213 616 398 659 cultibus
431 617 625 660 floridam
655 619 864 675 praebuit.

257 685 330 729 88.
412 688 590 730 Thunos

408 757 588 798 Maxula

412 824 601 868 Gumina

411 893 553 950 Capos

411 964 560 1019 Aquas

413 1031 622 1075 Siminina

412 1102 580 1143 Missua

413 1169 615 1226 Clyppeis

412 1239 574 1282 Curum

410 1309 616 1364 Neapolis

413 1378 584 1433 Pulpite

414 1447 679 1489 Adrimetus.
743 1462 795 1488 ex
836 1447 916 1488 hac
947 1447 1084 1488 sancti
1116 1446 1220 1488 duo-

216 1515 353 1556 decim
386 1516 537 1556 fratres
579 1522 621 1557 et
652 1522 882 1571 martyres,
921 1530 942 1556 e
975 1514 1128 1569 quibus
1159 1515 1221 1557 fa—

215 1585 375 1626 mosior
408 1580 703 1626 sanctissimus
735 1584 978 1625 nominatur
1000 1582 1222 1637 Orontius⁷

217 1653 385 1694 oriundi
414 1652 664 1708 probantur,
695 1653 767 1707 qui
789 1652 973 1706 Italiam7
1003 1669 1088 1694 una
1108 1651 1223 1708 apud

221 1721 371 1763 urbem
386 1722 681 1763 Beneventum
703 1721 878 1775 conditi,
900 1723 986 1763 suis
1008 1721 1222 1763 miraculis

216 1791 442 1831 illustrant.

270 1858 341 1902 89.
424 1859 620 1914 Ruspina

419 1928 548 1982 Lepti
579 1929 718 1969 minus

420 1996 611 2051 Tapsum

270 2157 365 2185 coclea:
391 2158 417 2186 h.
815 2156 858 2196 cf.
877 2157 955 2186 Rav.
974 2156 1042 2186 348
1069 2158 1112 2186 13
1130 2168 1175 2196 sq.
