1420 2437
134 169 202 202 314

164 283 178 310 1

162 351 178 378 2

161 421 178 448 3

160 489 178 516 4

161 556 178 584 5

161 625 177 653 6

160 763 177 790 8

160 833 176 859 9

140 900 177 927 10

139 967 177 995 11

138 1037 177 1066 12

138 1107 176 1134 13

138 1176 178 1203 14

137 1243 176 1271 15

137 1311 176 1339 16

138 1380 176 1407 17

138 1448 177 1475 18

138 1509 207 1543 19⁴

136 1583 178 1611 20

1107 169 1152 198 IV
1178 169 1221 199 44

429 265 593 309 Solaria

428 335 613 376 Morum.

287 405 393 444 Item
428 404 471 444 in
511 403 698 459 spatiosa
735 409 849 444 terra
886 403 1019 458 ipsius
1059 403 1221 459 patriae

229 471 411 528 Spaniae
443 478 507 514 est
539 473 688 514 civitas
722 487 829 526 quae
860 471 1016 513 dicitur

427 541 627 597 Augusta
655 541 837 593 Merita,
878 541 997 583 ouius
1031 541 1223 596 proxima

230 617 293 652 est
325 610 474 652 civitas
506 625 612 664 quae
645 609 800 651 dieitur

426 678 663 728 Evandria3
693 679 847 720 iterum

426 747 589 802 Bipone

427 816 634 857 Aturnea.

286 884 395 925 Item
435 885 554 926 iuxta
593 899 721 940 supra
767 885 967 940 scriptam
1007 885 1220 926 civitatem

228 953 470 1008 Augustam
501 953 704 995 Meritam
742 960 807 995 est
839 954 987 996 civitas
1019 968 1125 1008 quae
1158 952 1221 995 di-

229 1021 340 1062 citur

426 1090 662 1146 Pergelana

427 1156 681 1200 Contributa

425 1226 613 1268 Lacunis

428 1294 585 1337 Curioa

428 1364 574 1419 Hilipa

430 1433 594 1474 Italica.

287 1501 395 1542 Item
427 1518 510 1543 non
532 1502 656 1558 longe
679 1517 703 1543 a
722 1502 911 1557 praefata
941 1501 1110 1543 civitate
1132 1501 1223 1542 Au-

233 1578 360 1626 gusta
390 1570 549 1611 Merita
580 1576 644 1612 est
676 1571 826 1612 civitas
857 1585 964 1624 quae
996 1569 1151 1611 dicitur

231 1679 245 1705 1
275 1676 412 1713 Solaria]
441 1675 600 1722 Σαλαρία
625 1676 733 1706 Ptom
805 1677 823 1705 2
855 1677 997 1713 Morum]
1023 1677 1073 1706 Ad
1097 1677 1221 1707 Morum

227 1724 322 1752 Aut?
409 1725 426 1753 3
465 1725 611 1762 spaciosa
639 1724 669 1753 C.
709 1725 720 1753 ΙΙ
755 1725 854 1759 terra]
887 1728 954 1753 tera
979 1725 1016 1753 A.
1054 1724 1065 1753 ΙΙ
1100 1724 1221 1762 patriae

227 1780 284 1799 om.
310 1771 338 1799 B
363 1770 448 1799 editi.
523 1772 540 1800 5
579 1771 724 1809 Augusta
747 1771 878 1806 Merita]
904 1767 1101 1815 Αὐγοῦστα
1123 1767 1221 1813 Ἡμέ-

224 1829 307 1860 ριτα
332 1818 449 1846 Strabo
475 1817 570 1854 Ptol.⁷
597 1818 739 1846 Emerita
763 1819 836 1846 Ant.
863 1823 892 1846 et
917 1817 983 1846 alii.
1059 1820 1075 1848 7
1102 1814 1221 1849 Εὐαν-

227 1861 305 1909 ὃριά
341 1864 435 1901 Ptol„
485 1865 688 1894 Evandriana
729 1865 800 1893 Ant.
923 1865 941 1893 8
980 1865 1105 1902 Dipone
1146 1866 1218 1894 Ant.

228 1913 245 1940 9
284 1906 400 1941 atrinea
424 1912 462 1946 B,
488 1912 637 1941 Atunnea
661 1912 745 1947 editi,
782 1911 833 1940 Ad
849 1911 969 1940 Adrum
986 1911 1102 1940 flumen
1126 1911 1222 1940 ΑΜ]

230 1959 269 1987 10
297 1959 411 1987 iterum
432 1958 463 1988 C.
516 1960 554 1987 11
583 1963 717 1996 augusta
734 1959 878 1987 meritam
897 1959 925 1987 Β
943 1959 1026 1987 editi.
1088 1959 1127 1987 13
1152 1967 1220 1996 per-

226 2005 338 2042 gelena
368 2006 426 2034 AB
456 2005 540 2041 editi,
579 2006 749 2035 Perceiana
779 2006 851 2034 Ant.
951 2006 992 2034 14
1031 2005 1221 2035 Contributa

226 2053 317 2080 etiam
342 2053 413 2080 Ant.
434 2056 461 2080 el
479 2051 562 2081 Ptol.
641 2053 679 2081 16
708 2051 828 2089 Curiga
843 2052 927 2089 Ant„
953 2048 1119 2096 Κούρσου
1135 2050 1218 2080 Ptol.

230 2098 268 2125 17
295 2098 415 2136 Hilipa]
442 2099 524 2136 Ilipa
547 2100 631 2135 Ant.⁷
655 2094 764 2130 Ἰλίπα
780 2094 913 2142 μεγάλη
931 2098 1014 2128 Ptol.
1091 2099 1130 2127 18
1156 2097 1219 2126 Ita-

225 2143 286 2172 lica
311 2146 402 2173 etiam
421 2146 491 2174 Ant.
511 2150 539 2174 ec
556 2145 639 2174 Ptol.
