1420 2437
121 178 163 206 IV
194 178 232 207 10
1138 175 1204 210 199

140 634 156 661 Φ
139 565 155 592 Q*
138 497 155 522 >b
138 428 155 454 W
139 359 155 386 Na
142 291 152 316 *¹⁴

120 909 156 937 10

120 979 155 1006 ll

120 1046 158 1074 1⁶2

120 1115 158 1143 13

121 1184 159 1212 14

121 1253 158 1282 15

120 1324 159 1351 16

120 1393 158 1420 17

406 274 576 315 Plateae

405 343 562 398 Tepias

407 411 592 454 Chonias

407 479 618 523 Cheronia

406 550 579 593 Helatia

407 618 548 661 Sartia

407 689 703 744 Thermopilae

410 758 605 813 Tapidon

406 827 443 868 F
447 828 606 869 arsalos

406 896 565 937 Palfari

409 964 611 1007 Granona

406 1034 503 1075 Lin.

254 1101 318 1145 11.
380 1102 543 1145 Iterum
583 1103 638 1145 ad
676 1102 1050 1158 septentrionalem
1088 1101 1208 1142 iuxta

212 1170 433 1214 Oceanum
464 1173 705 1214 nominatur
734 1172 872 1228 patria
903 1170 1208 1222 Sarmatorum‚

211 1256 318 1295 quae
350 1242 571 1283 confinalis
604 1242 749 1283 existit
773 1256 869 1282 oum
889 1240 1210 1296 praenominata

210 1310 460 1352 Roxolania.
524 1311 644 1352 ouius
683 1311 845 1366 patriae
884 1310 1007 1351 multi
1038 1310 1209 1350 fuerunt

211 1378 493 1435 descriptores
534 1379 796 1435 philosophi3
843 1395 895 1420 ex
935 1378 1088 1433 quibus
1129 1392 1208 1433 ego

213 1507 226 1534 1
256 1504 359 1542 platee
386 1504 449 1541 BC,
484 1505 631 1534 Plataeae
657 1505 740 1542 editi,
775 1504 901 1534 Plateas
927 1505 952 1533 V
976 1504 1019 1533 13
1046 1514 1113 1533 cum
1136 1503 1208 1532 Tab.

211 1552 229 1580 2
257 1551 390 1589 Tepias]
417 1552 572 1590 Thespias
596 1552 623 1581 V
645 1552 706 1589 13;
738 1556 809 1581 sunt
834 1552 1002 1590 Thespiae.
1077 1552 1095 1580 3
1134 1551 1209 1579 cho-

210 1608 277 1628 mas
303 1600 347 1635 A,
386 1597 543 1628 Chronias
569 1599 643 1628 editi
666 1603 702 1628 ut
726 1599 753 1628 V
774 1599 828 1635 13,
868 1597 1002 1628 Cronias
1033 1598 1123 1633 Tah.‚·
1166 1601 1209 1625 est

211 1645 365 1676 Coronea.
439 1647 458 1675 4
493 1645 652 1676 Cheronia
676 1648 768 1676 etiam
794 1646 819 1675 V
840 1646 895 1682 13,
928 1647 1065 1675 cherona
1093 1644 1124 1681 C,
1151 1643 1210 1672 Ce-

211 1693 281 1722 roni
311 1692 401 1728 Tab.‚-
426 1697 470 1722 est
496 1693 690 1723 Chaeronea.
777 1694 794 1723 5
826 1693 936 1722 Elatia
961 1692 1035 1721 editi
1058 1696 1092 1720 ut
1121 1692 1143 1719 V
1167 1690 1210 1718 13

213 1743 240 1768 et
263 1739 336 1768 Tab.
416 1741 433 1768 6
472 1740 573 1769 sarcia
600 1739 631 1776 C,
659 1739 792 1778 Searpia
817 1740 901 1776 editi,
938 1739 1085 1776 Scarpias
1121 1738 1144 1766 V
1167 1737 1210 1765 13

213 1795 280 1814 cum
298 1786 382 1822 Tab„
407 1782 593 1831 Σκάρφεια
617 1786 702 1816 Ptol.
782 1789 799 1816 7
839 1785 1015 1824 termopyle
1043 1784 1074 1821 C,
1113 1785 1210 1813 Ther-

212 1832 358 1871 mopylas
383 1832 408 1861 V
430 1833 473 1861 13
501 1843 567 1862 cum
590 1833 662 1862 Tab.
727 1834 744 1862 8
772 1834 925 1871 Tapedon
950 1833 1025 1861 editi
1048 1836 1082 1860 ut
1106 1831 1132 1860 V
1155 1832 1208 1867 13,

213 1880 387 1917 Thapedon
409 1879 481 1908 Ταῦ.
555 1881 572 1908 9
601 1879 767 1909 Pharsalos
785 1880 870 1916 editi,
888 1879 1084 1908 Falsarivum
1105 1879 1133 1907 V
1155 1878 1209 1907 13.

217 1927 256 1956 10
284 1925 418 1962 Palfari]
436 1925 550 1955 Falera
572 1926 656 1963 Tab„
682 1926 851 1964 Falaphari
870 1927 898 1954 V
918 1926 973 1954 13.
1043 1927 1081 1954 11
1111 1924 1212 1955 Gran-

214 1983 299 2003 nona
322 1973 349 2002 V
371 1973 414 2001 13
441 1977 469 2001 ec
492 1973 564 2002 Tab.
652 1973 691 2001 12
731 1973 807 2009 Lin]
835 1973 878 2002 lm
904 1973 950 2010 B3
985 1982 1057 2001 ‘num
1082 1972 1143 2001 civ.
1170 1972 1212 2001 ad

215 2020 364 2050 Granona
391 2019 612 2058 referendum?
637 2030 675 2048 cm
696 2018 773 2049 mn?
799 2024 933 2049 ceterum
944 2021 1093 2057 prooeima
1110 2019 1210 2049 Gran-

214 2077 315 2097 nonae
340 2069 371 2096 in
402 2067 474 2096 Tab.
506 2071 550 2096 est
575 2067 711 2096 Larissa.
761 2067 772 2096 ΙΙ
813 2071 889 2104 post
918 2067 979 2096 Lin
1013 2066 1036 2096 C
1063 2067 1136 2096 add.
1173 2067 1211 2095 de

214 2115 318 2152 patria
344 2117 563 2144 sarmatorum.
639 2114 678 2143 15
711 2115 750 2143 16
790 2123 849 2151 que
875 2114 1091 2152 prenominate
1116 2123 1212 2143 roxo-

214 2161 295 2191 lanis
322 2160 484 2191 confinalis
510 2161 620 2190 existit
649 2160 679 2190 C.
757 2162 796 2190 16
823 2161 986 2191 roxolanis
1012 2160 1068 2190 BC
1091 2161 1175 2190 editi.
