1420 2437
101 178 177 207 112

127 360 147 729 «ῙΦΟῚΗ-Ἆωῐῦ

130 770 148 798 OE

109 907 149 935 10

109 977 147 1004 11

108 1045 149 1073 12

109 1113 149 1141 13

109 1181 151 1209 14

109 1249 150 1277 15

110 1319 151 1347 16

110 1388 150 1416 17

111 1457 152 1485 18

111 1526 151 1554 19

111 1594 152 1622 20

110 1663 152 1691 21

111 1732 153 1760 22

112 1800 155 1829 23

1146 172 1189 204 45

396 272 573 329 Aspada

397 341 604 383 Mardane

397 412 551 466 Murge

397 480 697 523 Thermantiea

398 550 498 590 Aris

397 618 590 660 Baeesia.

258 686 380 740 Quae
396 686 520 728 India
534 687 666 727 maior
681 686 981 726 Thermantiea
1001 692 1047 725 ut
1068 698 1196 738 supra

199 755 382 797 diximus
406 755 457 796 ab
481 755 665 808 antiquis
687 755 881 796 Elamitis
907 754 1073 795 dieitur.
1120 768 1196 807 per

200 840 325 879 quam
335 824 501 865 Indiam
511 824 853 865 Thermantieam
867 829 1088 864 transeunt
1102 821 1196 876 plu-

198 894 305 935 rima
326 893 511 945 flumina,
543 894 652 934 inter
680 899 819 933 cetera
841 907 945 946 quae
968 891 1168 932 dicuntur

400 962 618 1004 Vinenora
649 967 689 1003 et

403 1030 562 1073 Oridis.

244 1100 284 1142 3.
348 1100 494 1141 Tertia
523 1101 624 1140 item
656 1100 849 1141 sinistrae
885 1099 1038 1154 partis,
1077 1098 1195 1151 quasi

201 1168 256 1210 ad
287 1167 628 1223 Septentrionem
658 1168 806 1209 Indiae
836 1168 1085 1218 Dimirieae,
1123 1182 1197 1221 po-

200 1238 316 1279 nitur
360 1238 498 1292 patria
543 1253 649 1292 quae
699 1236 854 1278 dieitur
892 1235 1016 1277 India
1053 1234 1199 1277 Serica

200 1307 456 1349 Bactrianis.
518 1307 561 1347 in
593 1322 676 1360 qua
706 1305 830 1347 India
859 1304 1005 1348 Serica
1041 1311 1104 1346 est
1134 1320 1198 1345 re-

202 1376 273 1432 gio
306 1390 412 1429 quae
445 1375 600 1416 dieitur
629 1375 896 1427 Braemania,
927 1374 1000 1416 ubi
1029 1374 1198 1429 plurimi

201 1444 444 1499 philosophi
474 1444 758 1485 inveniuntur.
809 1444 851 1485 in
880 1459 963 1498 qua
981 1442 1198 1498 praedicta

201 1512 327 1554 India
349 1511 495 1555 Serica
523 1513 728 1568 plurimas
750 1513 879 1554 fuisse
912 1512 1103 1553 civitates
1125 1526 1200 1566 per

201 1582 345 1637 plures
377 1582 650 1637 philosophos
682 1581 882 1637 legi1nus3
923 1580 998 1622 sed
1028 1596 1121 1636 ego,
1154 1586 1197 1621 ut

205 1648 425 1692 Castorius
462 1651 540 1703 ait,
581 1649 769 1691 eiusdem
807 1651 966 1706 patriae
1007 1650 1198 1690 civitates

204 1719 442 1773 aliquantas
475 1717 697 1775 designare
728 1719 838 1771 volo,
868 1718 913 1760 id
943 1724 1006 1760 est
1076 1717 1081 1722 ’

405 1788 631 1843 Aspagora

209 1872 225 1899 1
265 1870 395 1908 Aspado
420 1871 504 1900 editi.
621 1873 639 1900 ‘2
678 1871 847 1900 Anardane
872 1871 955 1899 eddtz'.
1059 1871 1077 1898 3
1115 1869 1200 1899 Mur-

205 1926 264 1955 gae
291 1917 374 1946 editi.
450 1919 470 1946 4
496 1918 730 1954 Thermantica]
757 1919 801 1946 sie
820 1917 904 1953 Tab„
934 1918 1120 1946 termantica
1144 1918 1201 1946 AB

206 1964 291 1993 editi.
336 1965 352 1992 T
378 1964 741 2000 ThemianticajsicAB,
757 1964 955 1993 Termantica
968 1964 1051 1993 editi.
1094 1965 1112 1993 8
1137 1964 1201 1993 ela-

205 2011 300 2040 matis
325 2011 354 2039 B
379 2011 464 2040 edici.
528 2012 545 2040 9
571 2011 840 2046 Thermanticaml
866 2012 910 2039 sic
934 2011 1000 2047 AB,
1026 2011 1201 2040 Termanti-

207 2068 276 2087 cam
302 2058 386 2086 editi.
446 2058 579 2087 10-12
607 2057 853 2087 inter—Oridis
878 2067 935 2086 om.
962 2060 998 2086 A.
1062 2059 1101 2086 12
1131 2058 1200 2087 Ori-

207 2106 266 2141 dis]
282 2104 394 2134 Orcois
412 2104 496 2133 editi.
548 2106 590 2133 14
617 2105 846 2142 septentriones
858 2106 894 2141 A,
921 2105 1143 2134 setentrionem
1160 2106 1199 2134 B.

210 2152 250 2180 15
278 2152 373 2180 serita
397 2152 435 2180 Β.
504 2153 542 2180 17
570 2151 653 2189 pluri
677 2152 715 2180 Β.
782 2152 823 2180 23
855 2152 1061 2190 Aspapagora
1085 2152 1198 2181 Porclz.

210 2198 306 2227 Gron.
322 2199 340 2226 1
363 2208 471 2227 errore
485 2203 558 2238 ξυμ,
583 2198 746 2236 Aspacora
763 2198 846 2235 Tab„
870 2197 1079 2244 Ἀσηάκαρα
1093 2198 1176 2228 Ptol.
