1420 2437
97 178 204 200 vao
231 171 272 200 27
1127 169 1195 203 467

125 283 138 311 1
190 283 215 308 a
253 268 459 322 superiori
497 274 610 309 terra
653 274 778 309 tenus
820 268 1024 309 ecclesiae
1064 268 1188 310 huius

187 345 307 391 parte
340 337 468 390 quino
506 337 686 378 miliario
726 337 874 378 avulsa
903 337 947 378 in
979 337 1096 379 silvis
1130 338 1188 378 oi-

121 421 138 449 3
187 405 297 447 vitas
320 413 385 447 est
402 404 709 460 Cupersanum.
756 406 875 448 iuxta
895 412 1065 461 portum
1085 422 1186 447 vero

119 490 138 517 4
186 489 318 529 parva
347 474 631 516 Polinianum.

120 558 138 586 5
229 543 299 587 27.
360 544 530 585 Dehinc
566 544 611 585 in
649 544 772 585 litore
812 545 962 586 civitas
1000 545 1185 598 Dirium,

119 627 136 655 6
186 627 293 666 quae
324 627 437 653 nunc
457 613 718 668 Monopolis,
751 620 830 666 est,
861 613 1022 656 habens
1049 615 1091 655 in
1115 615 1186 656 sil-

119 697 136 724 7

117 765 135 793 8

117 833 134 861 9

121 352 138 380 10

185 682 248 723 vis
280 681 438 737 oppida
468 682 677 736 quaedam

385 751 652 807 Augnatium

385 819 624 876 Speluncae

96 902 136 930 10
384 888 592 932 Saunium

96 971 135 998 11
384 958 631 1000 Valentium
662 974 769 1013 quae
801 965 842 999 et
875 957 1138 1010 Carbiniuin,

97 1038 136 1067 12
184 1032 226 1067 et
256 1033 354 1082 post
385 1028 461 1070 has
494 1028 707 1082 antiquior
744 1034 1077 1081 cunctarumque
1109 1043 1184 1068 no-

95 1109 134 1137 13
182 1095 308 1147 bilior
326 1096 632 1150 Brundusium,
662 1097 707 1138 in
737 1111 820 1150 qua
847 1096 1029 1138 eeclesia
1047 1097 1184 1137 sancti

95 1177 137 1205 14
183 1166 396 1220 pontificis
444 1173 486 1208 et
534 1166 789 1208 confessoris
830 1163 992 1207 Christi
1029 1165 1182 1206 Leuoii

95 1244 134 1273 15
184 1235 357 1291 egregio
388 1251 514 1291 opere
547 1241 807 1287 constructa,
837 1234 912 1276 ubi
945 1241 985 1276 et
1016 1235 1182 1288 requie-

95 1313 134 1341 16
183 1304 259 1357 vit,
291 1305 490 1346 cernitur.
541 1305 653 1346 hano
681 1304 830 1345 urbem
859 1303 1071 1345 Romoald
1100 1303 1182 1343 Be-

95 1383 133 1411 17
183 1380 518 1415 neventanorum
548 1374 746 1429 princeps
780 1388 877 1414 oum
906 1372 1094 1413 Tarento
1126 1372 1181 1413 si-

95 1453 134 1482 18
183 1443 271 1483 mul
303 1443 416 1497 cepit
447 1449 488 1484 et
520 1442 670 1495 diruit,
710 1441 903 1483 similiter
941 1455 1109 1494 quoque
1140 1448 1179 1481 et

95 1523 134 1551 19
186 1517 347 1553 ceteras
377 1512 570 1552 civitates
602 1510 845 1553 Salentinae
883 1510 1088 1565 regionis,
1132 1525 1180 1550 eo

92 1593 134 1621 20
185 1580 299 1633 quod
330 1581 541 1622 exercitus
562 1580 851 1622 Romanorum
873 1578 924 1620 ab
946 1578 1050 1619 urbe
1069 1576 1181 1619 Con-

230 1711 350 1740 codz'ces
374 1711 469 1750 bfmr.
797 1709 839 1749 qs'.
859 1711 935 1739 liar.
956 1710 1020 1738 261
1053 1711 1067 1736 7
1087 1721 1131 1747 sq.

184 1784 201 1811 3
229 1790 436 1819 cusperanum
458 1792 485 1817 r,
512 1782 602 1810 hodie
627 1780 841 1810 Conversano.
914 1781 933 1808 4
960 1779 1176 1816 Polinianuin]

184 1829 377 1866 polimanum
407 1827 506 1866 bfmr,
550 1829 640 1857 hodie
665 1828 849 1865 Polignano.
948 1828 965 1855 5
1002 1826 1110 1856 littore
1143 1826 1177 1865 f.

181 1877 193 1905 li
211 1880 287 1913 post
323 1876 436 1904 civitas
464 1874 492 1914 f
521 1876 610 1904 addit
647 1878 703 1904 est.
754 1875 765 1903 Η
819 1874 959 1910 Dirium]
998 1875 1114 1902 turium
1143 1873 1176 1912 f.

185 1925 202 1952 6
240 1922 438 1959 Monopolis]
481 1923 645 1951 etiamnum
673 1920 849 1959 Monopoli.
963 1922 979 1948 Τ
1019 1921 1115 1958 opida
1142 1920 1176 1958 f.

184 1972 202 1998 8
230 1970 415 2007 augnarium
445 1968 478 2007 f.
559 1970 598 1998 10
637 1967 806 2003 Saunium]
834 1967 978 1996 savinum
996 1966 1029 2006 f,
1069 1967 1178 1997 Scam-

182 2026 256 2046 num
288 2016 361 2045 Tm).
461 2017 499 2044 11
539 2013 767 2053 valenciumf.
807 2014 818 2042 Η
854 2013 1057 2050 Carbinium]
1088 2014 1177 2044 hodie

183 2062 376 2101 Carovigni?
405 2063 461 2092 secl
476 2062 624 2102 fortasse
647 2063 772 2091 nimium
798 2061 904 2090 distat.
981 2062 1020 2090 13
1049 2062 1178 2090 brundi-

183 2111 264 2140 sium
284 2109 328 2147 bf.
405 2110 444 2139 15
474 2114 505 2140 et
529 2120 586 2139 om.
605 2119 633 2138 r.
710 2110 749 2138 16
776 2107 913 2138 romolat
927 2106 961 2146 f,
989 2109 1131 2138 romolad
1150 2109 1176 2138 b.

184 2158 194 2186 Η
213 2159 459 2187 beneventorum
477 2157 535 2197 f.
589 2158 628 2186 18
667 2156 827 2191 similiter]
855 2154 949 2184 simul
976 2165 1033 2184 mr.

916 2209 975 2235 80³
