1420 2437
60 175 88 205 V
116 177 157 205 14
1087 172 1148 207 381

87 704 104 732 =1
87 635 104 663 Φ
88 566 105 594 0·
86 498 106 526 »ιβ
89 427 105 456 ω
87 359 105 386 Κ*
90 290 101 317 *-

69 909 87 1488 α-ιυ-*ι-Δι-*ι-ιμ-ιμ-ι-ιν-Δ

87 773 112 1488 Φ“1ΦΟἹᾼῦῸΙ<>>-ύοὲῦα>

354 271 562 328 Impletus

356 342 570 383 Arausion

354 409 396 452 N
403 409 558 451 edinon

354 478 507 520 Iade-ra

357 547 510 588 Enona

362 617 469 673 Agit,

359 684 594 727 Corinthon

358 754 633 810 Argerunton

357 823 457 879 Bigi

360 891 521 947 Ospela

358 960 561 1002 Publisca

360 1029 489 1073 Senia

360 1099 519 1141 Turres

360 1168 547 1224 Raparia

359 1237 658 1280 Tharsatioum

359 1306 575 1349 Lauriana

360 1375 533 1417 Albona

368 1445 497 1485 Arsia

169 1601 182 1628 l
212 1599 366 1638 Impletus
390 1600 483 1628 etiam
502 1598 567 1627 210
595 1598 627 1633 1,
654 1597 806 1634 implecus
830 1596 887 1627 BC
911 1597 995 1626 editi.
1062 1598 1078 1626 2
1106 1606 1158 1626 au·

162 1648 270 1676 rasion
286 1645 347 1683 Ac,
374 1646 588 1676 arausionium
608 1644 643 1680 G,
670 1644 827 1674 Erausina
852 1645 918 1673 210
947 1644 978 1673 2.
1052 1645 1070 1673 3
1106 1653 1161 1672 ne*

163 1694 282 1722 clinum
309 1693 344 1729 G,
381 1693 516 1722 Nedisso
543 1692 608 1720 210
636 1690 668 1720 3.
742 1693 762 1720 4
787 1691 903 1720 iaclera
930 1690 960 1726 C,
987 1691 1096 1719 iadora
1124 1690 1158 1719 G.

164 1740 257 1769 Iader
275 1740 341 1769 210
369 1740 399 1768 4.
456 1740 473 1768 5
501 1739 603 1768 ebona
622 1738 657 1774 G,
683 1737 788 1767 Elona
806 1738 872 1767 223
898 1738 953 1766 17.
1012 1739 1028 1766 6
1058 1737 1074 1766 7
1097 1747 1159 1774 pro

163 1786 242 1824 Agit
257 1790 286 1815 et
303 1785 480 1816 Corinthon
504 1785 580 1814 editi
605 1785 854 1821 Daneorinthon,
880 1784 922 1823 cf.
941 1784 1008 1813 223
1034 1785 1078 1813 18
1105 1785 1158 1813 19.

166 1835 184 1862 7
213 1832 406 1868 Corinthon]
433 1832 565 1862 Coriton
584 1831 651 1860 223
677 1833 731 1860 19.
783 1833 802 1860 8
829 1836 1003 1869 agerunton
1021 1831 1050 1859 B
1075 1831 1158 1867 editi,

165 1880 343 1917 Argerunto
362 1879 428 1907 224
456 1880 487 1906 1.
551 1879 568 1906 9
595 1878 668 1916 Bigi
684 1880 775 1906 etiam
795 1878 860 1906 224
889 1878 920 1906 2.
978 1879 1017 1907 10
1044 1877 1161 1915 Ospela

167 1928 259 1955 etiam
278 1926 344 1954 224
371 1925 402 1961 3,
431 1924 550 1962 ospella
569 1924 605 1953 G.
662 1925 698 1952 11
729 1924 877 1962 Puplisca
894 1925 968 1954 editi
984 1929 1017 1953 ut
1035 1925 1099 1953 224
1128 1925 1158 1954 4.

168 1974 209 2002 12
250 1972 344 2002 Senia
368 1974 461 2001 etiam
487 1971 553 2000 224
580 1971 612 1999 5.
701 1972 740 2000 13
779 1971 891 2000 Turres
917 1973 1008 2000 etiam
1035 1972 1100 2000 224
1130 1973 1159 2000 6.

169 2022 210 2049 14
248 2020 388 2057 Raparia
424 2020 516 2047 etiam
540 2018 607 2046 224
642 2018 659 2044 7
692 2022 720 2046 et
748 2017 782 2053 G,
821 2019 969 2056 rapparia
992 2019 1050 2047 AB
1075 2019 1158 2048 editi.

170 2068 209 2097 15
236 2067 455 2096 Tharsaticum
471 2067 563 2094 etiam
581 2065 646 2094 224
674 2065 704 2102 8,
732 2065 913 2094 tarsaticum
930 2064 960 2095 C.
1012 2067 1052 2095 16
1079 2066 1161 2095 Lau-

167 2115 256 2144 riana
280 2115 371 2143 etiam
398 2113 464 2141 224
492 2113 521 2148 9,
558 2112 709 2142 laureana
735 2111 771 2140 G.
845 2113 885 2141 17
918 2112 1046 2142 Albona
1070 2115 1161 2142 etlam

170 2161 234 2190 224
264 2162 317 2189 10.
396 2161 434 2189 18
472 2160 565 2188 Arsia
591 2161 680 2188 etiam
710 2159 776 2188 256
803 2159 834 2187 9.
