1420 2437
108 181 136 211 V
163 182 180 210 2

137 295 146 321 1

132 363 149 391 2

131 433 148 459 3

130 503 148 530 4

130 571 147 599 5

129 641 146 668 6

129 710 146 737 7

127 778 145 806 8

127 847 145 874 9

105 914 144 943 10

106 983 142 1011 11

107 1051 144 1079 12

106 1120 144 1149 13

105 1189 145 1217 14

104 1258 143 1286 15

104 1326 143 1354 16

104 1396 142 1424 17

103 1466 143 1493 18

104 1534 142 1562 19

101 1601 143 1629 20

1131 179 1197 213 331

203 279 288 320 rius
326 277 661 331 nominabimus,
701 279 800 332 quia
836 294 967 320 unum
1006 287 1048 319 et
1085 277 1198 319 idem

202 348 468 404 significant,
508 347 699 401 quamvis
739 347 916 389 diversis
955 347 1196 389 nominibus

200 423 512 472 nuncupentur.
565 415 680 471 quod
709 416 805 458 ideo
838 432 862 458 a
892 416 1014 459 nobis
1035 418 1197 458 factum

200 491 278 538 est,
311 486 410 540 quia
440 485 630 527 homines
663 484 841 527 diversis
871 485 1091 527 vocabulis
1123 485 1196 527 ab·

199 560 396 605 utuntur,
434 555 560 596 sicuti
599 570 690 597 mos
730 555 899 596 illorum
939 561 1003 596 est
1043 561 1085 596 et
1115 555 1196 596 lin-

199 639 377 679 guarum
428 623 666 665 diversitas.
751 639 849 665 nam
896 624 1022 665 sicuti
1070 623 1194 666 divisi

198 699 297 734 sunt
328 693 518 734 homines
558 693 601 733 in
632 693 763 745 faeie,
806 694 865 734 ita
901 693 1117 735 hominum
1153 700 1194 734 et

199 762 416 803 civitatum
469 761 673 803 dividitur
722 762 903 816 loquela.
995 763 1193 804 nimirum

197 845 411 884 nunquam
452 831 606 872 etenim
646 832 727 872 nisi
759 846 860 873 casu
896 832 1048 872 faeiem
1080 832 1194 872 simi-

196 900 293 952 lem,
335 900 547 954 loquelam
580 899 757 941 eandem
788 901 832 941 in
862 899 1104 942 hominibus
1137 900 1195 941 oi-

195 970 374 1010 vitatum
396 968 660 1010 diversarum
682 970 880 1024 reperies.
933 976 1195 1011 revertamur

195 1039 325 1094 igitur
357 1037 410 1079 ad
443 1038 635 1079 civitates
668 1039 786 1080 iuxta
806 1039 933 1080 litora
952 1039 1084 1080 totius
1106 1054 1195 1080 ma—

195 1108 252 1149 ris
292 1108 437 1163 magni
477 1107 711 1162 supradicti
748 1109 908 1163 positas
947 1115 988 1150 et
1020 1124 1090 1150 eas
1122 1107 1194 1149 sle-

195 1177 425 1233 signemus.

237 1245 276 1289 2.
339 1245 501 1286 Iterum
532 1252 595 1286 est
634 1246 783 1288 civitas
816 1244 1026 1307 Qolumna
1056 1245 1193 1302 Regia

395 1313 603 1355 Arciades

393 1384 608 1425 Tauriana

394 1452 564 1494 Vivona
594 1452 795 1494 Valentia

394 1522 544 1563 Tenna

397 1591 585 1646 Tempsa

196 1699 212 1727 5
241 1700 325 1734 mos]
344 1707 402 1727 nos
422 1697 453 1727 C.
530 1700 569 1727 12
596 1698 705 1728 littora
733 1698 763 1728 C.
841 1701 880 1728 17
902 1704 977 1737 post
994 1700 1193 1737 designemus

196 1743 220 1774 C
242 1744 316 1773 add.
350 1744 497 1774 civitates
531 1745 589 1774 iste
621 1749 694 1774 sunt
720 1754 739 1775 c
771 1750 802 1775 et
828 1755 879 1782 X13
917 1751 946 1775 et
976 1748 1020 1775 sie
1051 1747 1193 1785 deinceps

193 1801 261 1829 usq.
281 1791 323 1820 ad
339 1800 366 1820 c,
382 1791 425 1820 14
445 1793 602 1821 civitatum
618 1802 777 1821 ‘numerum
795 1795 886 1822 etiam
904 1794 934 1822 in
953 1794 1040 1821 initio
1058 1795 1193 1831 capitum

188 1839 282 1875 ponit
311 1837 342 1867 C.
425 1838 465 1867 15
505 1842 552 1867 est
577 1848 636 1867 om.
662 1840 720 1868 AB
745 1840 829 1868 editi.
879 1840 891 1868 ΙΙ
932 1844 1007 1876 post
1032 1840 1144 1870 civitas
1173 1841 1195 1871 C

195 1885 268 1914 add.
296 1885 329 1913 id
355 1888 412 1914 est.
451 1884 462 1913 ΙΙ
499 1884 657 1914 Columna
683 1886 783 1923 Regia
813 1887 905 1914 etiam
932 1887 998 1915 26²3
1024 1887 1069 1915 12
1100 1892 1129 1917 et
1156 1889 1190 1925 G,

193 1931 374 1969 Columpna
400 1931 501 1970 Regia
532 1932 590 1960 AB
621 1932 705 1960 editi.
794 1933 832 1961 16
871 1932 1016 1963 Arciadis
1043 1934 1110 1963 263
1136 1936 1190 1965 13.

196 1980 236 2008 17
278 1978 436 2007 Tauriana
467 1979 559 2007 etiam
585 1978 653 2007 263
678 1979 733 2008 14.
784 1980 795 2008 ΙΙ
837 1984 911 2017 post
936 1980 1093 2010 Tauriana
1115 1992 1192 2012 non-

192 2025 283 2054 nulla
308 2025 398 2054 addit
424 2025 460 2054 G.
560 2026 599 2054 18
640 2025 768 2054 Vibona
782 2026 933 2056 Valentia
957 2027 1040 2064 editi,
1067 2029 1191 2060 Bibona

193 2072 341 2102 Balentia
371 2072 436 2101 264
464 2072 495 2109 3,
534 2072 655 2102 bibona
685 2072 824 2102 valentia
857 2073 892 2102 G.
992 2075 1031 2103 19
1069 2076 1191 2106 Tanum

195 2120 260 2149 264
290 2119 320 2155 4,
354 2124 449 2149 tenuo
478 2119 512 2148 G.
599 2120 640 2148 20
679 2120 815 2158 Tempsa
840 2122 933 2150 etiam
959 2121 1024 2151 264
1052 2123 1071 2151 5
1099 2128 1128 2152 et
1155 2124 1188 2158 G,

194 2170 295 2197 temsa
320 2167 376 2196 AB
401 2167 484 2195 editi.
