1420 2437
154 159 198 189 Ξ

224 161 241 189 σι

179 826 196 851 ‘S
179 756 197 782 U?
180 685 196 712 q
179 615 196 641 Φ
179 546 196 573 2³¹
177 477 197 505 ΓΡ
179 408 196 435 02
179 339 196 367 NJ
180 272 195 299 Η

159 894 197 921 10

159 964 196 991 11

158 1032 197 1061 12

159 1100 197 1129 13

158 1171 199 1198 14

159 1239 197 1268 15

158 1309 197 1337 16

1172 160 1240 194 183

446 257 598 312 Dymis

446 325 738 381 Traianopolis

444 394 635 450 Timpira

445 463 725 505 Mitholithon

442 532 642 574 Brentioe

447 600 636 644 Corsulis

447 669 670 712 Cossimon

445 739 635 795 Topiron

443 809 707 851 Acontisma.

303 876 412 918 Item
452 878 570 918 iuxta
612 893 740 933 supra
778 877 981 932 scriptam
1024 877 1239 919 Civitatem

247 944 673 1001 Constantinopolim,
690 945 900 1001 quomodo
916 952 964 987 ut
979 945 1168 989 dieamus
1186 946 1241 988 ad.

246 1015 435 1072 mesogia
464 1016 597 1071 ipsius
628 1015 790 1071 patriae
821 1015 1014 1068 Traciae,
1047 1021 1146 1058 sunt
1177 1015 1240 1057 di-

245 1099 392 1126 versae
423 1084 631 1137 civitates,
661 1083 707 1125 id
736 1091 799 1126 est

443 1152 709 1195 Melantiada

445 1220 619 1264 Statuas

451 1289 734 1332 Cenofrurion

250 1440 265 1467 l
306 1438 419 1477 Dymis
456 1440 548 1468 etiam
585 1440 656 1467 Ant.
695 1442 724 1467 et
757 1438 841 1475 Tab.⁷
884 1439 978 1468 dimis
1009 1439 1034 1466 A
1073 1442 1101 1467 et
1136 1438 1163 1467 V
1184 1439 1241 1468 12.

248 1486 266 1514 2
294 1485 514 1523 Traianopolis
532 1487 623 1514 etiam
643 1485 669 1513 V
685 1485 739 1522 12,
757 1485 962 1523 Traianopoli
978 1486 1051 1514 Ant.
1114 1486 1131 1514 3
1158 1488 1241 1523 tym-

246 1533 316 1570 pira
343 1531 373 1569 C,
411 1533 559 1570 Tempira
583 1532 609 1561 V
630 1532 685 1569 12,
723 1532 864 1570 Timpiro
890 1533 962 1561 Ant.
1043 1533 1062 1561 4
1099 1532 1241 1561 mitholi-

248 1579 326 1608 thofi
356 1578 417 1615 AC,
455 1579 661 1618 myholithosi
687 1579 731 1615 B,
769 1579 943 1618 Mytoliton
969 1579 1045 1608 editi
1055 1602 1062 1616 7
1101 1579 1240 1608 Milolito

247 1627 330 1662 Ant,
347 1626 492 1656 Micolito
517 1627 601 1657 Tab..
618 1626 781 1656 Mitoliton
800 1627 829 1656 V
849 1627 904 1656 12.
982 1627 999 1656 5
1027 1627 1186 1656 berentice
1203 1627 1240 1662 A,

248 1672 402 1702 Brendice
420 1674 494 1702 editi
511 1683 578 1702 cum
594 1674 678 1710 Ant„
704 1673 851 1703 Brindice
872 1674 900 1702 V
920 1674 974 1709 12,
999 1674 1147 1702 Brendiei
1167 1673 1240 1701 Tah.

250 1720 268 1748 6
295 1719 424 1749 corsolis
440 1722 474 1757 A,
493 1720 631 1750 Porsulis
649 1720 724 1750 editi
740 1725 774 1749 ut
792 1721 820 1749 V
834 1721 878 1749 12
895 1722 968 1750 Ant.
992 1720 1065 1749 Tab.
1134 1721 1151 1748 7
1179 1719 1242 1749 Co-

249 1766 333 1795 siton
369 1767 444 1795 editi
472 1771 507 1796 ut
535 1767 563 1796 V
590 1767 644 1803 12,
687 1767 818 1797 Cosinto
850 1769 933 1804 Ant„
977 1766 1129 1796 Consinto
1167 1766 1240 1795 Tab.

251 1814 269 1841 8
296 1812 436 1850 Topiron
453 1815 546 1842 etiam
567 1814 662 1851 V12,
681 1815 797 1852 Topiro
815 1815 887 1843 Ant.
906 1818 934 1842 et
953 1813 1025 1842 Tab.
1092 1814 1109 1841 9
1135 1812 1242 1842 Acon-

248 1860 342 1888 tisma
366 1861 458 1888 etiam
478 1860 562 1889 V12
587 1861 659 1889 Ant.
682 1861 766 1897 Tab„
793 1862 983 1890 aeontissma
1006 1860 1045 1888 B.
1122 1860 1160 1888 11
1189 1869 1242 1888 co-

248 1906 341 1935 modo
360 1907 397 1942 A,
424 1907 554 1936 comode
571 1907 609 1943 B,
637 1908 800 1936 commode
825 1907 909 1943 editi,
941 1909 986 1936 sic
1011 1905 1101 1945 infra
1125 1906 1177 1935 IV
1197 1907 1240 1935 15

249 1954 409 1990 quomodo
435 1954 474 1982 ad
499 1962 583 1982 mare
607 1962 768 1991 magnum.
871 1954 911 1983 12
948 1954 1040 1982 tratie
1065 1953 1104 1990 Β,
1142 1953 1242 1982 Thra-

248 2001 314 2029 ciae
340 2000 423 2028 editi.
517 2001 557 2029 14
593 2000 788 2029 Melantiada
812 2002 904 2029 etiam
927 2001 1010 2036 Ant„
1048 1999 1241 2030 Mel..tiana

253 2047 337 2083 Tab.9
364 2046 534 2076 Melantias
552 2046 635 2075 aliis.
703 2047 742 2076 15
769 2047 820 2076 Ad
837 2051 957 2077 statuas
980 2047 1051 2076 Ταῦ.
1120 2048 1160 2076 16
1189 2057 1241 2077 co-

249 2094 411 2123 nofrurion
426 2094 491 2130 AB,
511 2093 554 2132 ef.
571 2094 636 2123 184
664 2095 694 2127 6,
719 2093 905 2124 Cenofrurio
920 2095 1002 2131 Ant„
1019 2093 1240 2132 Cenop..uri0

253 2141 326 2170 Tab.
