1420 2437
261 168 330 204 290

287 284 308 865 Φωκῖσῦῢῑήδωωῠ-Ᾰ

268 907 284 1347 μ-ιμ-ιι-ιι-ιν-ιμ-ιμ

290 906 309 1348 <herimmannus-¹0

1240 171 1285 201 IV
1311 172 1353 202 36

556 267 712 308 Parma

554 336 803 389 Entiamus,
845 336 917 390 qui
954 342 1132 378 currunt
1172 336 1223 378 de
1260 337 1354 392 ipso

356 403 477 445 Pado
523 404 566 445 in
606 421 721 446 mare
763 420 965 461 magnum
1005 404 1201 447 Ionicum
1241 405 1356 461 quod

357 472 629 515 Adriaticum
675 473 852 515 dieitur:
901 473 977 515 sed
1020 474 1226 529 plurimus
1265 475 1355 516 eius

357 542 477 583 iuxta
506 543 721 584 civitatem
742 543 991 585 Ravennam
1020 543 1063 584 in
1089 543 1356 599 praedictum

357 626 472 652 mare
503 628 705 668 magnum
735 611 986 668 ingreditur.

416 679 468 721 In
498 681 718 736 provincia
748 688 889 722 autem
921 695 1048 735 quam
1067 680 1355 736 praediximus

358 748 636 791 Venetiarum
666 750 903 805 pertinente
936 765 987 791 ex
1007 749 1134 792 Italia
1164 756 1263 792 sunt
1294 749 1357 790 di-

358 833 481 860 versa
510 819 698 872 flumina,
728 820 838 861 inter
867 825 1008 860 cetera
1029 833 1136 873 quae
1158 818 1357 861 dicuntur

559 887 724 930 Retron
745 888 861 943 quod
881 887 1114 931 Redenovo
1136 887 1358 930 dicebatur

558 957 726 1014 Astago

558 1025 711 1068 Brinta

558 1094 646 1138 Sile

559 1164 789 1220 Liguentia

561 1233 692 1275 Plave
828 1228 832 1232 ¹

560 1302 886 1343 Taliamentum.

364 1405 378 1432 1
419 1404 546 1439 Parma]
573 1405 604 1434 fl.
631 1404 728 1434 Paala
757 1405 840 1441 Tab„
877 1414 958 1434 mmo
982 1405 1106 1434 Parma.
1195 1405 1213 1433 2
1252 1404 1356 1432 encia-

361 1461 430 1479 mus
463 1451 493 1488 C,
531 1461 612 1480 mmo
641 1452 731 1481 Enza
760 1454 823 1481 sive
852 1452 968 1481 Lenza.
1066 1453 1084 1481 3
1124 1451 1209 1480 Pado
1243 1460 1302 1479 om.
1327 1451 1356 1479 B

361 1498 446 1527 editi.
521 1500 537 1528 5
565 1499 657 1528 iuxta
681 1508 739 1528 om.
758 1499 786 1528 B
803 1499 887 1528 editi.
925 1499 936 1528 ll
970 1507 1106 1528 ravenne
1131 1498 1169 1527 A.
1242 1499 1260 1527 6
1285 1501 1357 1535 post

361 1545 538 1583 ingreditur
565 1545 594 1575 C.
630 1546 703 1574 add.
741 1547 779 1575 de
805 1546 988 1575 fluminibus
1024 1545 1183 1583 provintie
1215 1545 1357 1573 venetia-

360 1601 429 1620 rum
458 1601 499 1621 ex
523 1592 624 1630 ytalia
647 1593 835 1630 pertinente.
934 1594 951 1621 8
985 1596 1060 1629 post
1085 1596 1158 1621 sunt
1194 1591 1251 1620 AB
1283 1591 1357 1620 editi

360 1639 433 1668 add.
459 1648 499 1667 ex
524 1639 624 1668 italia.
651 1640 662 1669 11
698 1640 824 1669 diversa
848 1649 905 1668 om.
934 1639 964 1669 C.
1044 1639 1084 1668 10
1123 1638 1256 1675 Retron]
1283 1640 1303 1667 ι’.
1331 1648 1355 1667 e.

359 1684 529 1730 ῥεῖθρον,
569 1696 632 1715 una
664 1696 699 1715 ex
723 1685 827 1725 fossis
858 1696 935 1724 quae
965 1690 1037 1715 sunt
1070 1687 1150 1715 inter
1174 1686 1295 1715 Padum
1327 1690 1357 1714 et

359 1731 516 1762 Athesin?
553 1734 564 1762 ll
601 1734 685 1771 quod
710 1733 882 1762 Redenovo
909 1734 1073 1762 dicebatur
1104 1743 1162 1762 om.
1187 1733 1246 1762 AB
1270 1732 1356 1761 editi.

364 1781 401 1809 11
441 1780 579 1817 Astago]
610 1782 630 1809 z‘.
658 1790 682 1809 e.
714 1780 828 1818 Atagis
859 1782 921 1809 sive
952 1780 1095 1816 Athesis,
1131 1789 1212 1808 nunc
1241 1779 1355 1817 Adige.

363 1828 403 1856 12
431 1827 556 1863 Brinta]
585 1828 614 1856 fl.
635 1828 792 1856 Brintesia
811 1828 894 1864 Tab„
912 1837 992 1856 nunc
1011 1828 1136 1856 Brenta.
1206 1828 1246 1856 13
1273 1826 1355 1861 Sile]

361 1874 392 1903 fl.
409 1873 546 1903 Silarum
566 1875 649 1911 Tab„
670 1873 743 1903 Silis
758 1874 852 1910 Plin„
866 1884 946 1903 nunc
961 1874 1036 1903 Sile.
1068 1885 1096 1903 v.
1112 1874 1154 1902 14
1175 1877 1251 1911 post
1267 1883 1294 1902 v.
1312 1873 1353 1902 15

355 1923 448 1959 ponit
476 1920 506 1950 C.
579 1923 618 1950 14
644 1921 804 1960 liguencia
826 1920 856 1958 C,
883 1922 1053 1959 Liquentia
1091 1921 1166 1950 editi
1195 1925 1230 1950 ut
1259 1919 1353 1955 le„

361 1968 392 1996 fl.
418 1968 558 1997 Lieenna
586 1969 670 2005 Tah„
700 1978 780 1997 wmzc
806 1968 954 1997 Livenza.
1056 1970 1093 1997 15
1133 1968 1245 2002 Plave]
1276 1977 1356 1995 manc

359 2015 468 2046 Piave.
546 2017 585 2044 16
625 2016 836 2044 tiliamentum
862 2016 899 2052 A,
932 2016 963 2044 fl.
990 2015 1160 2044 Tiliabinte
1183 2014 1267 2050 Tala„
1302 2014 1355 2042 Ti-

358 2061 521 2091 laventum
538 2062 633 2099 Plz'n„
668 2072 748 2091 nunc
774 2062 1004 2100 Tagliamento.
1040 2062 1051 2091 ΙΙ
1080 2065 1156 2099 post
1179 2060 1355 2090 Taliamen-

359 2112 426 2137 tum
455 2108 478 2138 C
501 2109 574 2138 add.
601 2110 638 2138 de
664 2109 770 2138 fluviis
796 2109 958 2146 provincie
983 2109 1080 2147 ystrie
1105 2117 1145 2137 ex
1170 2107 1269 2147 ytalia
1286 2117 1355 2146 per-

358 2156 488 2184 tinente.
