1420 2437
121 187 169 216 ΙΙΙ
199 188 216 216 5
1145 185 1210 220 139

142 300 163 876 ὌωκΙΦΘῚνρωῐῦι-Δ

122 921 137 1499 ι-ιι-ιν-ιι-ιμ-ιν-μ-*ι-Δμ

143 921 162 1499 ωκῐῦδῦῑῆὶῢδωΡ-*Φ

214 298 315 340 gum
347 298 475 339 supra
513 284 696 339 scriptus
736 284 888 326 fluvius
921 282 1011 326 Ger
1048 283 1209 326 dilatis-

213 354 317 394 sime
351 353 496 394 currit.

271 420 343 462 Ad
374 422 557 463 frontem
587 428 729 463 autem
761 421 950 463 eiusdem
969 421 1208 463 Biboblatis

212 490 395 545 patriae⁷
434 505 534 545 prae
575 490 715 532 medio
754 491 888 532 multa
927 505 1018 532 esse
1059 491 1208 545 spatia,

211 558 256 599 id
288 566 352 601 est
383 558 552 600 deserta
588 574 695 613 quae
728 574 856 615 supra
886 559 1208 611 noniinavimus‚
1236 570 1245 582 ²

211 627 330 669 iuxta
361 643 473 669 mare
505 643 706 684 magnum
726 629 898 684 ponitur
926 629 1064 683 patria
1084 629 1208 670 nimis

213 697 520 751 spatiosissima
541 712 648 751 quae
667 696 824 738 dicitm
838 697 1056 738 Africana.
1089 698 1208 738 euius

211 765 372 820 patriae
402 765 559 806 multae
591 772 703 818 sunt,
735 772 781 807 ut
813 765 1095 821 descriptores
1116 767 1209 821 phi-

212 834 377 889 losophi
411 833 572 885 dieunt,
606 850 657 874 ex
688 834 843 889 quibus
877 850 955 890 ego
988 835 1073 891 legi
1104 836 1210 877 Pro-

212 903 355 944 vinum
395 909 521 957 atque
564 902 837 945 Llelitianum
878 919 1031 960 genere
1063 905 1208 956 Afros7

212 970 288 1013 sed
328 978 370 1012 et
410 969 652 1013 Castorium
692 971 983 1014 Romanorum
1023 973 1209 1028 philoso-

210 1040 353 1094 phum.
417 1039 493 1081 sed
525 1056 603 1097 ego
637 1041 830 1083 Civitates
862 1042 1038 1084 inferius
1071 1042 1208 1083 dietas

213 1124 340 1164 supra
379 1109 563 1164 scriptae
595 1109 824 1152 Africanae
865 1112 1026 1166 patriae
1058 1126 1209 1153 seeun-

213 1177 313 1219 dum
346 1176 589 1220 Castorium
621 1179 854 1235 designavi.

271 1246 321 1287 In
355 1262 439 1300 qua
460 1247 666 1289 Africana
686 1249 824 1303 patria
853 1249 1055 1304 plurimas
1076 1249 1208 1291 fuisse

214 1316 406 1358 civitates
447 1316 650 1372 legimus,
692 1332 744 1358 ex
783 1317 937 1371 quibus
969 1318 1208 1372 aliquantas

212 1383 435 1440 designare
474 1386 691 1439 volumus,
732 1386 778 1427 id
819 1392 883 1428 est
923 1387 1072 1429 civitas
1103 1387 1209 1429 Tra-

211 1453 345 1508 gulis,
393 1469 498 1508 quae
542 1455 761 1497 confinalis
801 1462 866 1497 est
905 1456 1040 1498 litoris
1080 1456 1208 1497 maris

216 1656 230 1683 l
267 1655 420 1692 scriptum
444 1656 501 1686 BC
524 1657 607 1686 editi.
647 1657 658 1685 ΙΙ
695 1656 895 1686 dillatissime
923 1656 953 1686 C.
1028 1659 1046 1686 3
1081 1661 1203 1693 autem]

211 1710 286 1730 vero
315 1701 345 1731 Ο.
384 1702 396 1731 ΙΙ
431 1703 587 1739 eiusdem!
616 1705 707 1733 iuxta
731 1704 759 1732 Β
785 1704 869 1740 editi,
913 1704 924 1732 ΙΙ
961 1704 1136 1733 biblobatis
1152 1704 1208 1734 BC

215 1748 299 1776 editi.
365 1749 385 1777 4
411 1753 503 1786 prae]
530 1760 586 1788 per
610 1752 666 1780 AB
692 1751 775 1779 editi.
814 1751 826 1779 ΙΙ
861 1751 999 1779 medium
1017 1752 1055 1779 A.
1092 1751 1104 1779 Η
1139 1760 1204 1781 esse

212 1804 271 1822 om.
290 1794 374 1824 editi.
413 1796 425 1824 ΙΙ
460 1798 567 1834 spacia
586 1797 618 1827 C.
693 1800 710 1827 7
738 1798 943 1835 spaciossima
970 1797 992 1826 C
1016 1801 1045 1826 et
1059 1798 1105 1826 sic·
1122 1797 1206 1827 (lein-

214 1850 294 1878 ceps.
333 1841 344 1869 ΙΙ
380 1842 531 1872 affricana
558 1844 590 1873 C.
689 1845 728 1873 10
755 1844 958 1873 melicianum
986 1843 1016 1873 C.
1108 1846 1146 1872 11
1175 1849 1204 1874 et

218 1898 277 1916 om.
295 1888 333 1916 B.
371 1888 382 1916 ΙΙ
419 1890 570 1918 castorius
589 1891 624 1926 A,
652 1891 827 1919 kastorium
855 1889 884 1919 C.
923 1890 934 1919 ΙΙ
969 1890 1204 1928 philosophum]

212 1933 281 1972 ph's
306 1936 343 1963 A.
418 1936 459 1964 13
486 1945 580 1973 supra
598 1937 744 1973 scriptae]
771 1937 912 1974 superius
930 1938 1063 1974 scriptas
1080 1939 1117 1973 A,
1155 1948 1206 1967 su—

214 1982 317 2019 perius
343 1981 457 2019 scripte
484 1981 515 2019 C,
554 1984 754 2020 supradictae
786 1983 871 2012 editi.
914 1983 925 2011 Η
967 1984 1116 2013 affricane
1140 1985 1203 2015 BC.

217 2029 257 2057 14
295 2028 470 2057 kastorium
511 2028 541 2058 C.
642 2030 680 2058 15
720 2030 873 2058 affricana
908 2029 972 2059 BC.
1014 2031 1025 2058 ίΙ
1061 2032 1205 2061 civitates

213 2076 309 2104 fuisse
338 2074 369 2104 C.
470 2077 509 2105 17
550 2076 696 2113 Tragulis
728 2078 819 2105 etiam
844 2077 871 2105 V
893 2077 921 2113 6¹,
959 2077 1088 2115 Tagulis
1120 2079 1202 2111 Tab„

215 2119 385 2165 Θαγουλίς
410 2122 505 2159 Ptol„
531 2122 674 2161 Tugulus
699 2124 770 2152 Ant.
847 2124 886 2152 18
912 2124 1012 2153 littori
1036 2126 1073 2154 A.
