1425 2462
564 206 760 227 PRAEFATIO.
1157 208 1207 233 XV

122 307 164 343 et
202 301 458 343 coniecturis
497 301 741 358 indulgere,
782 317 889 356 quae
926 303 1038 344 ultro
1071 304 1205 346 cuivis

121 391 213 418 sese
245 376 441 417 offerunt.

177 524 440 567 Ravennatis
480 525 635 567 librum
673 542 759 568 non
799 541 851 567 ex
891 525 1092 569 Guidone
1133 544 1204 570 ex-

119 608 312 657 cerptum
344 616 450 653 esse,
489 601 634 642 multis
670 607 796 654 atque
828 601 1063 643 manifestis
1094 602 1204 644 indi-

119 677 195 718 ciis
226 682 357 732 patet.
418 675 645 718 Ravennas
677 675 788 716 enim
818 675 950 716 totius
982 675 1097 718 orbis
1129 676 1203 719 de-

118 751 392 806 scriptionem
428 750 550 791 nobis
590 750 809 804 proponit:
851 756 1052 803 quattuor
1090 752 1202 806 prio-

116 825 233 867 ribus
268 825 386 866 libris
418 825 590 876 Asiam,
630 823 844 876 Africam,
883 824 1100 880 Europam
1132 841 1202 868 co-

115 900 233 955 piose
273 905 452 951 tractat,
490 899 598 940 libro
639 899 787 952 quinto
825 899 1035 954 periplum
1074 901 1200 942 maris

115 974 259 1030 magni
290 974 316 1014 i.
340 990 375 1014 e.
408 973 705 1015 mediterranei
736 979 983 1014 accuratum
1015 974 1201 1028 exhibet,

116 1049 303 1104 amplum
334 1048 515 1103 denique
546 1047 782 1089 insularum
812 1062 1035 1089 recensum
1067 1048 1199 1091 addit.

116 1121 261 1164 Guido
292 1130 433 1164 autem
464 1123 632 1164 nonnisi
662 1121 835 1175 Italiae,
876 1121 1061 1176 Siciliae,
1101 1122 1200 1166 Sar-

114 1197 268 1251 diniae,
305 1196 504 1239 Corsicae
536 1196 916 1251 adumbrationem,
948 1214 1000 1239 ex
1030 1198 1200 1241 Raven-

113 1272 216 1325 nati,
238 1271 399 1325 Solino,
420 1272 555 1313 Paulo
571 1272 768 1313 Diacono
792 1279 1005 1328 sumptam
1023 1288 1074 1315 ao
1090 1274 1198 1315 male

113 1345 323 1402 digestam
353 1346 542 1402 praebet,
575 1347 643 1387 cui
672 1347 859 1402 periplus
890 1348 1017 1390 maris
1043 1349 1198 1389 interni

113 1427 153 1461 et
184 1420 326 1463 brevis
362 1422 514 1462 notitia
545 1421 596 1462 de
627 1421 782 1462 finibus
814 1422 969 1475 Asiae,
1007 1423 1196 1475 Africae,

110 1495 307 1551 Europae
339 1496 668 1552 subiunguntur.
720 1511 828 1550 quae
849 1497 892 1538 in
914 1497 1034 1538 initio
1056 1498 1195 1552 operis

110 1585 151 1624 p.
168 1571 252 1613 452
277 1586 314 1611 v.
333 1571 346 1613 1
384 1570 500 1612 haud
521 1576 756 1626 opportune
776 1571 978 1627 leguntur
1001 1569 1196 1623 „Quodsi

111 1644 327 1687 studiosus
357 1646 517 1686 lector‘<
553 1652 648 1698 etc.,
680 1661 729 1687 ea
759 1646 846 1687 fere
878 1645 933 1687 ad
954 1645 1130 1687 verbum
1151 1647 1194 1686 in

111 1718 394 1775 descriptione
433 1720 559 1761 maris
599 1736 640 1775 p.
661 1721 746 1763 504
777 1737 816 1761 v.
842 1721 891 1762 14
930 1727 1192 1775 repetuntur.

109 1792 153 1832 in
183 1793 303 1835 initio
334 1793 505 1848 quidem
534 1793 631 1835 libri
652 1794 784 1836 verba
804 1795 877 1835 illa
911 1809 1193 1848 „quamquam

110 1881 179 1907 eas
221 1867 305 1908 iam
346 1869 390 1908 in
434 1870 615 1924 propriis
660 1870 819 1923 patrias
858 1870 1189 1910 nominaverim“

109 1955 236 1982 sensu
268 1948 435 1995 carent,
476 1942 589 1997 apud
620 1942 911 1984 Ravennatem
942 1950 1083 1984 autem
1114 1958 1190 1985 suo

106 2015 200 2056 loco
222 2017 361 2070 posita
384 2024 482 2058 sunt
505 2018 641 2073 p.32.··>
673 2034 713 2059 v.
732 2018 770 2061 9.
809 2018 872 2061 10.

165 2087 419 2133 Sanctorum
459 2099 501 2134 et
530 2098 763 2148 martyrum
802 2094 1081 2145 mentionem,
1121 2109 1190 2134 ur—

106 2163 224 2207 bium
255 2166 494 2210 nominibus
518 2168 587 2210 hio
607 2168 694 2209 illic
717 2184 741 2209 a
762 2166 962 2210 Guidone
985 2167 1188 2221 additam,
