1420 2437
66 186 111 216 IV
138 186 178 214 29
1086 178 1154 212 247

92 298 113 873 ΨΦΝΦΨῬΟΟΚὉῌ

76 914 93 1352 ν-*ψ-*ι-ιυ-*ν-*υ-ιμ

97 913 118 1352 Φῢῖι-Ρῦὓῠὲῠ-*Θ

160 281 257 322 liter
286 281 520 336 praefatam
558 284 844 334 exposuerunt
878 280 1060 333 patriam
1088 278 1156 318 vel

161 349 351 392 eiusdem
372 350 532 405 patriae
555 348 747 389 civitates
769 363 854 388 non
876 353 1157 389 consonantes

161 419 499 470 nominaverunt,
530 416 606 459 sed
627 417 734 458 alius
756 415 864 457 dixit
883 416 1019 469 aliter,
1050 416 1157 456 alius

163 503 263 529 vero
286 488 368 529 alio
390 486 530 528 modo.
582 485 659 527 sed
679 501 758 542 ego
784 484 1018 527 seeundum
1037 499 1159 539 prae-

162 557 426 598 nominatum
448 553 690 597 Castorium
710 553 972 610 praedictam
992 553 1161 595 Italiam

164 626 232 667 vel
264 626 352 668 eius
384 626 577 667 civitates
608 624 836 665 nominavi.

225 693 347 747 Quae
377 694 504 736 Italia
535 693 664 735 habet
702 693 813 734 infra
844 707 889 734 se
918 691 1160 747 provincias

165 764 470 805 famosissimas
503 762 651 804 decem
683 768 724 803 et
755 768 867 814 octo⁷
904 760 945 802 id
980 767 1044 802 est
1073 760 1162 802 Li-

165 832 338 888 guria,
360 831 952 887 provinCiaVenetiarum,
973 829 1160 872 Istria:

165 917 264 942 nam
294 901 447 942 iterum
467 916 543 956 per
562 900 824 956 imperialem
845 904 1047 940 estratam
1066 914 1163 954 pro-

166 971 280 1011 xima
319 971 632 1025 suprascriptae
677 968 920 1024 provinciae
960 968 1163 1024 Liguriae

167 1038 458 1094 Traspadjnae
500 1044 566 1080 est
602 1038 822 1093 provincia
862 1052 969 1091 quae
1008 1036 1164 1078 (licitur

167 1108 383 1160 Emilia,
424 1113 465 1148 et
505 1106 560 1148 ad
598 1122 712 1148 mare
742 1122 946 1163 magnum
974 1104 1166 1147 Adriati-

170 1192 267 1219 cum
306 1183 371 1219 est
406 1177 627 1232 provincia
664 1175 927 1217 Flaminia
962 1174 1165 1216 Raven-

169 1246 336 1296 natis;
394 1245 497 1287 item
542 1246 854 1287 Annonaria
898 1244 1166 1298 Pentapo-

168 1315 334 1357 lensis
376 1321 441 1356 est
481 1330 608 1370 super
638 1316 774 1370 ipsam
804 1312 1165 1368 Pentapolim,

171 1465 188 1492 2
218 1466 428 1492 consonanter
453 1462 538 1491 editi.
612 1462 633 1491 4
658 1464 749 1498 vero]
769 1462 852 1490 dixit
870 1461 926 1490 ΑΒ
951 1461 1035 1490 editi.
1062 1460 1074 1489 Η
1098 1469 1167 1498 pre-

170 1511 270 1539 fatum
298 1509 329 1539 C.
404 1510 421 1539 ἶ)
455 1510 631 1538 kastorium
659 1508 689 1538 C.
764 1510 780 1537 9
813 1509 994 1546 provincias
1018 1508 1056 1544 A,
1094 1517 1167 1545 pro-

170 1558 287 1586 vintias
312 1557 350 1585 B.
399 1557 411 1585 Η
456 1556 680 1592 Venetiarum]
713 1555 788 1585 haec
822 1555 955 1584 Gnidom'
986 1555 1091 1584 eadem
1124 1558 1168 1582 est

172 1614 250 1643 quae
280 1604 401 1633 Histria
433 1613 504 1632 cum
529 1603 690 1632 Neustria.
729 1602 740 1631 ΙΙ
774 1602 887 1632 nisti-ia
911 1603 954 1639 A,
991 1602 1114 1640 hystria
1140 1601 1168 1629 B

172 1651 257 1687 editi,
282 1651 382 1688 ystria
400 1649 431 1687 C,
457 1651 579 1679 Histria
595 1659 666 1679 eum
682 1650 831 1679 Neustria
850 1649 960 1678 Gnido.
1036 1649 1075 1677 10
1114 1656 1170 1684 per

172 1697 368 1735 imperialem
401 1701 550 1727 esti-atam
578 1706 641 1726 non
666 1697 758 1726 habet
785 1696 894 1725 Guc'do.
931 1697 943 1725 ΙΙ
978 1699 1110 1725 stratam
1137 1692 1168 1724 C.

177 1745 216 1773 12
243 1744 497 1773 Trans-Padinae
514 1744 598 1773 editi.
652 1745 691 1773 13
718 1743 855 1772 Aemilia
872 1743 957 1772 editi.
1014 1742 1056 1770 14
1081 1741 1170 1770 flam-

174 1791 273 1820 minia
296 1789 358 1820 AC.
395 1791 407 1819 ΙΙ
441 1791 599 1820 ravenatis
625 1791 663 1819 B.
741 1791 779 1819 15
819 1790 986 1819 annoraria
1012 1789 1075 1825 AB,
1115 1797 1171 1816 an-

174 1838 289 1867 nonina
315 1835 362 1872 67,
388 1838 538 1866 annorica
564 1836 603 1866 Gt,
630 1841 659 1866 et
683 1837 767 1874 apud
789 1836 986 1866 Alazoclzz'zmz
1011 1835 1048 1864 de
1075 1835 1172 1863 Roma

172 1886 297 1922 prisca,
334 1884 450 1912 Romae
463 1884 554 1912 1523
587 1884 651 1912 4t0.
680 1882 749 1921 fol.
764 1885 848 1920 111,
888 1883 1061 1912 annonaria
1084 1882 1170 1919 regio

180 1930 350 1961 Trebellius
366 1930 471 1959 Pollio
497 1930 533 1959 (Ie
555 1930 674 1959 Tetrico
699 1932 830 1966 seniore,
856 1930 1006 1958 Picenum
1031 1937 1171 1958 annona-

175 1980 257 2008 rium
280 1978 405 2007 Nomia
429 1977 513 2016 (Iiyn.
552 1978 563 2005 ΙΙ
598 1977 859 2015 penthapolensis
887 1975 917 2005 C.
1017 1977 1057 2004 16
1095 1984 1171 2013 pen-

175 2025 332 2063 thapolim
360 2024 396 2060 03
431 2026 458 2053 εἰ
483 2024 583 2061 ipsam
610 2023 806 2061 Pentapolim
839 2024 872 2052 id
904 2027 951 2052 est
974 2023 1171 2061 provinciam

177 2072 377 2102 castellorum
403 2071 557 2100 diversam
582 2080 645 2100 esse
669 2074 790 2100 statuas
821 2070 858 2099 ab
884 2069 1069 2099 Annonaria
1092 2069 1173 2098 Pen-

176 2119 350 2157 tapolensi,
382 2128 526 2147 numerus
557 2117 725 2148 octodecim
751 2118 988 2155 provinciarum
1017 2120 1172 2146 servatur.

180 2166 278 2195 Guido
305 2170 406 2195 tamen
431 2164 544 2203 differt.
