1420 2437
181 171 250 204 372

207 285 233 857 εθωκῖσῦψὶδωὶὗμ

195 899 235 926 10

198 1036 237 1062 12

199 1103 238 1131 13

199 1170 240 1197 14

202 1238 239 1266 15

203 1306 242 1334 16

1173 167 1271 197 v12

473 266 624 308 Fimea

476 334 624 378 Soioas

479 401 872 458 Constantinopolis

477 472 663 528 Regium

478 540 651 583 Eraclia
678 539 884 581 Perit-,hon

477 608 649 652 Eraclia

481 676 637 720 Gothis

481 745 691 788 Maohron
722 743 866 798 Tyoos

482 815 628 858 Leuce

485 883 633 927 Sestos

487 951 591 994 Cela

489 1019 709 1075 Callipolis

487 1087 706 1131 Afrodisia

489 1158 599 1212 Apri

488 1227 606 1269 Enos

491 1293 688 1350 Syrasele

299 1450 313 1475 1
342 1446 451 1475 Timea
476 1443 560 1478 editi,
599 1442 731 1471 Thimea
756 1440 821 1469 180
850 1440 902 1468 17.
979 1441 996 1470 2
1023 1450 1133 1480 scycas
1160 1442 1195 1478 G,
1229 1442 1288 1481 Sy-

297 1503 349 1523 cas
374 1491 449 1521 editi
472 1494 506 1519 ut
531 1490 597 1519 180
626 1489 680 1517 16.
759 1488 776 1516 3
813 1488 978 1516 bizantion
1004 1496 1082 1526 quae
1106 1498 1190 1518 nunc
1214 1499 1289 1519 eon-

296 1537 520 1575 stantinopolis
545 1540 592 1566 est
617 1534 753 1571 (additis
775 1533 954 1570 nonnullis)
984 1534 1019 1564 G.
1097 1536 1118 1565 4
1155 1535 1288 1574 Regium

298 1589 390 1616 etiam
415 1584 482 1614 182
507 1583 539 1618 5,
577 1583 663 1620 regio
690 1582 718 1610 Β
743 1581 828 1610 editi.
902 1581 918 1610 5
958 1581 1073 1611 eraclia
1095 1583 1225 1621 pyriton
1249 1584 1288 1621 B,

298 1632 414 1663 eraclia
429 1631 549 1670 piriton
567 1630 665 1667 (corr.
679 1628 834 1666 pirithon)
855 1627 885 1664 C,
904 1628 1049 1658 heraclea
1064 1630 1234 1667 perinthon
1252 1630 1288 1667 G,

298 1678 447 1710 Heraclia
471 1677 643 1706 Perinthon
673 1675 763 1712 editi,
801 1674 950 1704 HeraclIa
973 1675 1139 1706 Perinthos
1164 1677 1232 1706 182
1259 1678 1288 1706 6.

301 1729 319 1757 6
356 1724 484 1755 Eraclia
514 1725 605 1752 etiam
638 1722 705 1751 182
733 1721 763 1758 7,
799 1722 945 1751 heraclea
970 1722 1006 1751 G.
1104 1725 1122 1752 7
1161 1722 1289 1760 Gothis]

292 1772 438 1813 fortasse
463 1770 504 1800 ad
527 1769 656 1800 Eraclia
674 1770 822 1807 pertzuet.
910 1770 929 1798 8
967 1770 1118 1799 machron
1141 1774 1227 1810 tytos
1251 1771 1289 1807 Β.

300 1819 515 1857 magrotichos
541 1817 576 1853 G,
601 1816 769 1854 Macront)
772 1825 824 1845 cos
849 1816 933 1853 editi,
958 1815 1148 1847 Macroticos
1165 1817 1233 1847 182
1259 1818 1288 1847 8.

304 1868 321 1896 9
360 1865 463 1894 Leuce
488 1866 580 1893 etiam
605 1863 672 1892 182
699 1864 736 1899 9,
777 1863 870 1892 lucen
896 1863 931 1892 G.
1042 1864 1082 1893 10
1121 1869 1222 1894 cestos
1254 1866 1290 1893 4

302 1916 410 1943 sextos
436 1912 474 1941 Β.
517 1910 633 1940 Sextus
659 1910 727 1939 182
753 1910 796 1939 10
821 1914 850 1938 et
877 1909 912 1938 G.
1012 1912 1050 1939 11
1090 1909 1167 1940 Cela
1202 1912 1291 1940 etiam

303 1959 371 1989 182
393 1958 449 1989 11.
501 1959 541 1987 12
569 1957 714 1995 calipolis
729 1957 787 1986 BG
805 1957 880 1985 editi
894 1962 927 1986 ut
944 1957 1012 1986 182
1037 1958 1092 1986 12.
1144 1959 1184 1987 13
1200 1957 1292 1986 Afro-

303 2007 384 2036 disia
409 2006 501 2034 etiam
519 2005 586 2033 182
613 2004 667 2041 13,
703 2005 853 2033 afrodisia
878 2013 957 2041 quae
981 2014 1064 2033 nunc
1088 2005 1210 2033 redesto
1232 2009 1293 2033 ter-

303 2052 448 2082 ritorium
489 2051 524 2080 G.
623 2053 664 2080 14
700 2051 780 2089 Apri
804 2053 896 2080 etiam
926 2050 994 2080 182
1025 2050 1086 2087 14,
1123 2051 1206 2089 apris
1237 2051 1293 2080 BG

307 2099 391 2128 editi.
470 2099 507 2128 15
535 2098 640 2127 Aenos
671 2098 753 2129 Tab„
791 2097 846 2126 sed
863 2107 965 2135 prope
989 2098 1110 2135 Dymis.
1188 2098 1226 2126 16
1253 2099 1293 2126 si-

305 2145 405 2175 rasele
421 2144 480 2174 AC.
500 2145 637 2174 siraseeli
653 2145 687 2181 G,
707 2144 868 2182 Syrascele
883 2144 966 2173 edici.
981 2143 1141 2173 Surascele
1157 2143 1223 2172 182
1242 2145 1293 2173 15.
