1420 2437
195 187 264 221 376

221 301 245 875 Ψωκισυ,οιιρωιψι-

204 919 219 1222 ι-ιι-ιι-ιι-ιμ

225 918 245 1222 νδδῢῦῑθὶ-*Φ

1186 185 1282 215 Vra

491 270 724 325 Corinthon

490 351 733 394 Cenchreae

488 420 736 476 Epidauron

489 489 663 530 Maleon

488 559 603 600 Boas

490 628 668 683 Asopon

489 696 677 751 Pythion

491 763 680 805 Arcadia

490 831 805 874 Lacedemonia

492 901 692 944 Messene

492 970 626 1011 Asine

493 1039 700 1080 Methone

494 1107 624 1162 Pylos

494 1174 726 1231 Cyparisoa

302 1374 315 1400 1
352 1371 512 1400 corinthos
539 1369 563 1399 C
585 1374 613 1398 et
639 1369 776 1405 (additis
798 1368 976 1404 nonnullis)
1006 1368 1041 1405 G,
1079 1369 1223 1397 corithon
1249 1369 1286 1403 B,

299 1418 439 1448 corithos
466 1419 507 1451 A,
548 1415 724 1446 Corinthon
755 1421 784 1445 et
808 1416 920 1445 civitas
946 1415 1135 1445 Corinthion
1162 1414 1228 1444 399
1257 1416 1287 1448 9,

300 1465 452 1495 Corintho
474 1463 547 1493 Ταῦ.
621 1458 640 1492 2
668 1464 817 1493 cenchree
846 1462 876 1499 C,
903 1463 1044 1491 cenchris
1063 1462 1097 1498 G,
1124 1462 1244 1491 cencris
1262 1462 1290 1490 B

297 1517 331 1541 ut
348 1512 416 1540 399
443 1512 484 1540 10
504 1514 534 1539 et
550 1510 635 1546 Tah„
654 1509 785 1540 Cenoris
801 1510 876 1539 editi
889 1518 998 1539 errore
1012 1513 1134 1548 typoyr.
1185 1509 1203 1537 3
1224 1509 1289 1546 epi-

298 1563 390 1588 taron
404 1559 443 1594 B,
470 1558 654 1596 epydauron
675 1556 705 1594 G,
738 1558 905 1595 epitauron
931 1556 956 1585 G
981 1556 1056 1585 edici
1084 1560 1117 1584 ut
1140 1555 1208 1584 399
1233 1557 1288 1592 11,

298 1606 452 1643 Epitauro
475 1604 547 1634 Tab.
621 1605 641 1633 4
666 1603 795 1633 Muleon
812 1603 880 1633 399
905 1603 966 1638 12;
990 1602 1095 1632 Malea
1111 1599 1290 1640 promont.‘?

299 1653 317 1682 5
345 1652 429 1682 Boas
447 1653 538 1680 etiam
555 1650 622 1680 399
648 1650 693 1679 13
711 1660 778 1679 cum
799 1651 890 1686 Tab.‚·
907 1653 978 1679 sunt
993 1649 1080 1678 Boae
1096 1651 1159 1678 sive
1174 1649 1290 1678 Boeae.

301 1700 317 1728 6
344 1698 492 1737 Assopon
508 1697 574 1727 399
602 1697 657 1734 14,
683 1697 807 1735 Asopos
829 1696 903 1726 Tab.
985 1697 1002 1725 7
1030 1696 1165 1734 pithyon
1185 1695 1217 1732 0,
1243 1695 1290 1733 pi-

301 1746 389 1775 thion
408 1745 444 1782 G,
471 1743 610 1783 Gythion
628 1744 711 1780 editi,
738 1743 846 1773 Cition
864 1744 930 1773 399
958 1743 1013 1779 15,
1040 1741 1178 1781 Cytmon
1200 1742 1290 1777 Tab.,·

299 1797 344 1821 est
369 1791 522 1831 Gythion.
597 1792 615 1821 8
648 1791 784 1820 Arcadia
809 1793 901 1820 etiam
923 1790 1006 1826 Tab.,
1035 1789 1090 1818 sed
1109 1790 1291 1827 provinciae

298 1848 423 1874 nomem,-
440 1839 567 1868 acardia
580 1838 610 1866 B
626 1838 710 1874 editi,
728 1838 876 1867 archadia
890 1836 948 1872 CG,
967 1836 1136 1866 Acardiam
1149 1835 1217 1866 399
1234 1836 1289 1864 16.

301 1888 319 1914 9
346 1885 577 1915 Laeedemom'a
602 1887 694 1914 etiam
707 1884 774 1914 399
800 1885 855 1920 17,
881 1884 942 1913 lice
960 1884 1107 1912 demonia
1130 1883 1168 1919 Β,
1193 1881 1290 1912 Lace-

300 1933 431 1962 demone
465 1932 551 1968 Tab„
596 1931 762 1961 laeedonia
797 1941 897 1970 mar-9.
933 1929 963 1959 C.
1073 1930 1112 1959 10
1150 1929 1290 1958 Messene

299 1981 391 2008 etiam
413 1979 497 2016 Tab„
522 1987 665 2008 messena
691 1978 725 2015 G,
751 1977 877 2007 Mesene
895 1976 961 2006 399
988 1976 1043 2005 18.
1116 1977 1155 2005 11
1193 1975 1290 2004 Asine

300 2027 392 2054 etiam
414 2025 498 2062 Tah.,
524 2025 632 2055 asinne
660 2024 696 2054 G.
772 2025 812 2053 12
843 2024 997 2053 mochone
1013 2023 1051 2059 B,
1077 2023 1232 2052 machona
1254 2022 1289 2051 G.

300 2072 452 2102 Mothone
469 2072 544 2101 editi
561 2081 627 2101 cum
645 2071 728 2108 Tab.,
745 2071 878 2100 Motona
894 2070 961 2100 399
987 2069 1042 2098 19.
1108 2069 1148 2098 13
1175 2068 1287 2106 Pylos]

302 2117 343 2156 cf.
360 2118 424 2148 400
452 2120 490 2154 1,·
526 2118 634 2157 Pylios
655 2118 739 2153 Tab.,
775 2117 857 2156 pilos
884 2117 919 2146 G.
1001 2117 1042 2145 14
1079 2115 1239 2153 cyparissa
1266 2116 1289 2144 G

302 2164 376 2194 editi
400 2174 466 2194 cum
488 2165 572 2202 Tab„
599 2166 751 2204 ciparisca
767 2163 829 2200 AG,
856 2163 1037 2202 Cipparissa
1054 2162 1120 2190 400
1148 2161 1177 2190 2.
