1420 2437
262 176 334 210 294

292 716 299 732 “
288 705 304 712 Ι
287 636 304 663 Φ
287 567 304 595 O*
286 499 304 527 οὲ·
286 430 303 457 02
287 361 305 388 [Φ
288 291 303 318 μ*

287 773 305 869 <0OE

265 910 305 938 10

265 978 301 1006 11

265 1045 305 1074 12

266 1114 304 1142 13

264 1184 306 1212 14

265 1252 304 1281 15

264 1321 304 1350 16

265 1390 304 1418 17

265 1458 304 1486 18

1248 181 1293 210 IV
1320 182 1361 211 38

359 277 451 331 ipsa
482 275 605 316 Italia
639 276 766 316 finem
799 274 981 330 desuper
1012 276 1217 331 scriptum
1247 291 1362 318 mare

358 344 567 396 Ionicum,
585 342 700 397 quod
717 349 759 384 et
768 342 1037 385 Adriaticum
1050 343 1222 398 dicitur,
1237 346 1363 388 simul

359 420 399 454 et
421 414 575 454 fretum
600 411 715 466 quod
731 412 970 467 appellatur
984 412 1225 469 Regiensis,
1247 413 1362 468 quod

359 480 509 522 dividit
519 479 711 523 Siciliam
732 487 774 522 et
791 481 1215 536 praefatamltaliam.
1247 482 1363 537 quod

357 551 512 591 fretum
543 565 628 590 non
661 555 726 591 est
753 550 796 590 in
820 565 984 592 summa
1005 550 1143 604 Italia,
1176 551 1252 593 sed
1271 567 1360 593 ma-

357 619 423 674 gis
444 619 604 664 reiacet
626 633 678 659 ex
706 617 839 660 latere
862 619 916 660 ad
937 626 1102 675 partem
1122 620 1251 661 maris
1273 636 1361 662 ma-

356 688 429 743 gni
462 685 632 729 Gallici.

398 755 470 799 38.
533 754 745 798 Scarifum
778 763 919 797 autem
939 757 1073 812 ipsius
1094 757 1245 798 Italiae
1267 758 1359 811 qui-

356 824 454 866 dam
483 824 726 880 philosophi
748 823 945 866 dixerunt
969 840 1061 866 esse
1093 826 1215 882 fungi
1245 841 1360 868 ama-

358 893 487 946 nitae,
523 894 595 934 alii
626 900 768 935 autem
799 899 1003 947 tanquam
1033 909 1189 950 graeca
1217 895 1360 937 littera

358 976 465 1014 quae
489 960 645 1003 dicitur
665 963 786 1015 sima„
818 963 1010 1003 nonnulli
1040 969 1244 1017 tanquam
1264 964 1358 1019 plu-

355 1030 485 1070 rimae
524 1045 572 1071 ac
619 1031 884 1085 promiscuae
925 1031 1179 1084 conchulae,
1228 1033 1358 1074 ceteri

356 1105 562 1152 tanquam
582 1099 764 1141 hominis
784 1100 927 1155 palma
946 1100 1015 1141 vel
1036 1100 1137 1141 folia
1152 1101 1356 1156 plathani.

356 1167 459 1208 item
481 1167 637 1209 dicitur
661 1168 775 1222 quod
796 1169 888 1224 ipsa
910 1169 1035 1210 Italia
1057 1168 1110 1210 ab
1133 1169 1355 1212 occidente

358 1251 382 1277 a
419 1237 620 1291 praefatis
661 1237 876 1279 montibus
916 1238 1069 1279 scarifo
1110 1238 1231 1295 fungi
1269 1255 1356 1280 am-

356 1304 511 1358 biatur,
551 1321 575 1346 a
606 1306 780 1348 meridie
817 1307 922 1348 mari
954 1306 1122 1349 Gallico
1153 1313 1356 1362 tanquam

357 1373 501 1414 littera
540 1375 647 1416 sima
685 1376 957 1428 terminetur,
997 1375 1050 1417 ab
1090 1377 1230 1430 aquilo
1261 1382 1356 1418 tan-

355 1457 481 1496 quam
510 1442 692 1486 hominis
721 1445 863 1500 palma
894 1445 961 1486 vel
986 1445 1090 1486 folia
1111 1444 1355 1501 depingitur

361 1599 374 1625 1
403 1598 497 1626 finem
522 1608 579 1627 om.
609 1598 639 1628 C.
679 1599 690 1627 ΙΙ
725 1608 809 1628 mare
836 1599 990 1636 seriptum
1014 1599 1051 1626 A.
1127 1600 1143 1627 ‘2
1172 1600 1272 1636 quod]
1300 1601 1353 1636 (1111

352 1645 381 1673 Β
407 1644 493 1673 editi.
589 1647 606 1674 3
646 1646 800 1683 rogiensis
825 1645 887 1675 AC.
927 1646 938 1674 Η
976 1646 1077 1682 quod]
1110 1646 1163 1683 (1111
1188 1645 1245 1675 BC
1268 1646 1352 1676 editi.

356 1692 372 1720 7
394 1696 468 1728 post
492 1691 608 1721 Gallici
636 1691 659 1721 C
682 1692 754 1721 add.
782 1693 819 1721 de
845 1693 959 1722 scal-iso
985 1692 1083 1730 ytalie
1110 1702 1129 1721 a
1153 1693 1354 1731 philosophis

352 1742 547 1776 nuncupato.
623 1741 639 1768 9
679 1739 785 1776 fungi]
814 1738 856 1777 cf.
873 1740 940 1768 168
967 1739 1022 1768 13.
1061 1740 1072 1768 Η
1108 1740 1245 1769 amanite
1270 1739 1355 1769 ABG

354 1785 438 1813 editi.
538 1787 576 1814 10
616 1786 709 1815 litera
734 1786 818 1815 editi.
910 1788 949 1815 11
982 1787 1021 1815 12
1061 1790 1212 1824 tanquam
1236 1787 1353 1824 promi—

355 1841 446 1861 scuos
472 1832 572 1862 flexus
599 1832 762 1862 conchilae
795 1834 934 1862 marinae
962 1833 1071 1862 Gaulo.
1160 1834 1199 1862 12
1237 1834 1352 1871 permi-

355 1889 447 1908 scuae
466 1879 549 1908 editi.
589 1881 600 1908 Η
636 1879 766 1909 coneule
784 1881 883 1916 AB&
908 1879 951 1919 ef.
968 1881 1034 1909 295
1062 1881 1094 1909 1.
1163 1881 1202 1909 13
1230 1880 1351 1918 platani

355 1926 440 1954 editi.
477 1926 488 1955 Η
526 1931 600 1964 post
625 1927 769 1964 plathani
798 1926 821 1956 C
845 1927 917 1956 add.
951 1928 988 1956 de
1020 1928 1131 1956 eodem
1163 1927 1276 1956 scariso
1311 1927 1350 1955 ab

354 1974 517 2002 occidente
552 1974 648 2003 dieto.
756 1974 796 2002 14
835 1975 904 2012 ipsa
936 1975 1021 2011 quod
1051 1975 1089 2003 B.
1129 1974 1140 2002 ΙΙ
1175 1978 1252 2011 post
1282 1973 1352 2010 ipsa

354 2020 428 2048 editi
447 2020 566 2049 addunt
584 2022 721 2058 quidem.
791 2021 829 2049 16
856 2030 940 2050 mare
957 2022 1015 2050 AB
1033 2021 1116 2049 editi.
1194 2021 1232 2049 17
1258 2019 1352 2049 litera

353 2066 438 2095 editi.
475 2067 486 2095 ll
522 2069 618 2103 sima]
645 2077 767 2097 summa
781 2068 848 2104 BG,
876 2068 996 2098 Simma
1013 2068 1098 2096 edm.
1174 2068 1212 2095 17
1243 2067 1282 2095 18
1309 2067 1348 2095 ab

353 2113 639 2152 aquilo—palma
675 2125 732 2146 om.
759 2115 873 2144 Poro—k.
938 2116 978 2144 18
1016 2114 1154 2152 palmam
1180 2113 1236 2141 AB
1262 2113 1345 2143 editi.
