1420 2437
123 189 168 218 IV
195 190 235 218 37
1146 184 1216 219 293

148 302 168 885 Φωκὶσδυὶιρωῐῦῌ

129 927 146 1501 μι-ιμ-Δι-ιι-ιι-ιυ-ιυ-ιι-ι

151 926 171 1502 ωκΙΦΰῚνῖὶωΝ-ὶΡ-*Θ

216 286 327 327 inter
367 282 632 326 Carontanos
680 292 721 326 et
758 285 947 338 Italiam,
994 286 1103 326 inter
1140 300 1214 339 pa—

214 354 340 395 triam
371 351 574 394 Carnium
614 360 656 394 et
686 353 874 403 Italiam3
916 353 1030 408 quod
1067 354 1215 409 iugum

217 421 420 464 Carnium
438 421 659 464 dicebatur
675 422 727 464 ab
745 423 928 477 antiquis
945 423 1070 477 Alpis
1088 422 1211 463 Iulia.

217 493 289 546 qui
327 497 494 533 montes
533 492 729 532 finientes
768 492 904 546 ipsam
933 490 1102 532 Italiam
1143 490 1214 531 de-

217 560 427 603 scendunt
466 576 517 601 ex
555 566 675 616 parte
715 560 770 602 ad
800 575 914 601 mare
945 559 1215 601 Adriaticum

217 645 303 671 non
332 631 459 686 longe
498 645 523 670 a
563 630 733 670 civitate
764 629 1016 671 Tharsatico
1046 629 1216 683 provin-

221 699 309 740 ciae
339 698 571 740 Liburniae
610 699 654 739 in
688 698 783 739 loco
815 699 887 752 qui
918 697 1075 738 dicitur
1104 697 1217 738 Pha-

218 783 307 809 nas.
360 783 384 808 a
415 767 601 809 secundo
632 773 774 808 autem
803 767 933 808 latere
963 765 1094 807 habet
1124 766 1217 820 ipsa

219 836 346 878 Italia
380 836 509 877 finem
556 835 822 891 praedictum
859 851 973 876 mare
1013 850 1216 890 magnum

218 905 500 958 Adriaticum,
533 906 652 946 cuius
681 905 803 945 litore
824 905 996 959 ponitur
1016 904 1109 958 ipsa
1129 902 1217 944 Ita-

218 976 289 1027 lia,
321 989 455 1028 usque
487 973 541 1014 ad
564 974 817 1029 completam
841 974 1034 1028 superius
1057 971 1215 1013 dictam

217 1044 479 1100 provinciam
510 1042 692 1084 Istriam.
745 1058 769 1083 a
797 1043 923 1083 tertio
953 1058 1053 1083 vero
1084 1042 1215 1083 latere

219 1113 347 1154 habet
386 1113 479 1167 ipsa
509 1111 634 1153 Italia
672 1112 800 1152 finem
836 1112 1073 1166 praefatum
1102 1125 1217 1152 mare

220 1181 450 1234 Gallicum,
482 1181 601 1222 cuius
632 1181 752 1222 iuxta
780 1180 905 1221 litora
932 1181 1105 1235 ponitur
1125 1181 1219 1235 ipsa

219 1251 366 1303 Italia,
406 1256 540 1304 usque
582 1249 637 1291 acl
668 1264 796 1304 supra
826 1250 1005 1304 scriptos
1037 1256 1217 1301 montes,

222 1321 294 1374 qui
327 1318 545 1371 dividunt,
576 1324 623 1359 ut
654 1317 862 1371 diximus,
901 1319 1012 1359 inter
1031 1317 1219 1374 Viginti-

221 1389 338 1430 milia
359 1394 401 1429 et
433 1388 648 1429 civitatem
667 1387 850 1428 Niceam
878 1387 1121 1442 provinciae
1143 1385 1219 1429 Se-

219 1458 446 1513 ptimanae.
517 1472 540 1497 a
580 1463 730 1510 quarto
775 1471 875 1497 vero
921 1456 1052 1497 latere
1091 1454 1222 1497 habet

225 1567 240 1594 1
281 1566 362 1594 inter
389 1566 480 1600 (smte
510 1563 726 1597 Carontanos)
763 1574 820 1591 0112.
848 1565 883 1592 A.
922 1565 932 1591 ἱ,
969 1567 1157 1592 corontanos
1182 1564 1217 1597 A,

223 1615 410 1641 carantanos
430 1611 572 1647 G,7z=1mc
590 1611 766 1640 Karnthen.
793 1612 803 1638 Η
828 1613 877 1646 et]
897 1615 927 1639 et
946 1615 975 1639 et
993 1611 1031 1639 B.
1098 1611 1116 1638 2
1146 1608 1220 1638 Car-

221 1659 320 1694 nium]
335 1663 520 1687 carnuntum
541 1658 582 1694 G,·
599 1667 678 1686 nunc
694 1657 804 1686 Krain.
831 1658 841 1685 Η
866 1663 895 1686 et
910 1667 967 1686 om.
977 1658 1016 1686 B.
1042 1658 1053 1685 Η
1076 1656 1166 1685 italia
1179 1656 1218 1684 B.

222 1704 234 1733 ΙΙ
253 1705 347 1742 quod]
373 1706 417 1733 sic
437 1705 472 1741 G,
507 1714 566 1742 que
590 1704 680 1741 4BC,
714 1714 793 1741 quae
820 1704 903 1733 editi.
931 1704 942 1732 ἰ]
966 1706 1092 1742 iugum}
1119 1705 1163 1731 sic
1183 1703 1217 1738 G,

223 1751 276 1788 iu«0
267 1761 315 1780 Υ511
343 1750 435 1786 ABG,
473 1752 549 1789 iuga
573 1751 658 1779 editi.
756 1752 773 1779 3
813 1750 980 1786 Carnium]
1019 1750 1146 1779 carnich
1181 1749 1217 1777 G.

223 1799 235 1827 Η
255 1798 418 1826 dicebatur
449 1807 508 1827 om.
540 1798 569 1826 B
601 1798 686 1826 editi.
726 1797 738 1826 [Ι
780 1798 818 1826 ab
851 1796 976 1827 011c.C
1014 1798 1025 1825 1³.
1061 1797 1218 1833 antiquis]

224 1846 400 1882 antiquitus
427 1844 482 1873 BC
505 1844 589 1872 editi.
664 1845 683 1872 4
717 1844 787 1881 qui]
814 1854 908 1880 quam
933 1843 996 1872 Bc.
1072 1844 1088 1871 6
1121 1847 1221 1871 tarsa-

225 1893 288 1922 tico
314 1892 342 1920 B
368 1891 451 1926 editi,
485 1890 529 1929 cf.
548 1891 614 1919 221
643 1891 673 1919 8.
760 1892 777 1918 7
815 1890 955 1925 Phanas}
982 1890 1083 1919 Fanas
1111 1889 1220 1924 Cnido,

223 1948 303 1968 mmo
328 1938 470 1967 Fianona
502 1939 532 1965 in
557 1939 625 1966 sinu
650 1936 827 1966 Flcmatfco.
934 1938 971 1965 11
1011 1937 1051 1966 ad
1083 1946 1141 1965 om.
1169 1935 1224 1965 BC

225 1986 309 2015 editi.
347 1986 358 2014 11
396 1984 520 2022 copleta
537 1985 576 2013 B.
644 1985 683 2013 12
711 1985 841 2020 ystriam
858 1982 923 2011 BC.
991 1984 1030 2012 14
1057 1983 1167 2012 littora
1183 1984 1220 2019 A,

224 2033 329 2062 littore
345 2032 382 2067 B,
408 2031 501 2060 litore
527 2031 611 2060 editi.
688 2030 726 2059 15
754 2031 795 2059 ad
820 2025 878 2058 ovi.
896 2030 924 2058 B
947 2030 1032 2059 editi.
1108 2031 1147 2059 16
1174 2031 1222 2059 vi-

226 2079 431 2118 gintimilium
460 2078 495 2107 G.
596 2080 634 2107 17
675 2077 803 2106 civitate
829 2078 858 2106 B
883 2077 967 2106 editi.
1006 2078 1017 2106 Η
1051 2077 1142 2106 nicea
1165 2077 1221 2106 AB

227 2127 312 2156 editi.
349 2127 361 2155 l!
397 2125 609 2163 Septimaniae
637 2125 732 2154 Gran.
752 2125 783 2152 1.
811 2125 831 2153 2
859 2124 968 2154 Guido.
1051 2126 1090 2153 18
1129 2126 1220 2160 vero]

227 2183 361 2211 namque
387 2174 444 2201 AB
470 2173 554 2209 editi,
581 2176 686 2201 autem
714 2171 748 2207 G,
776 2171 904 2210 reliquis
928 2173 1065 2201 mutatis.
