1420 2437
190 176 258 211 398
1182 178 1210 206 V
1237 179 1277 207 22

217 290 232 318 1
480 274 621 316 Tissia

215 356 233 385 2
481 342 593 384 Inita

215 425 233 454 3
481 411 695 453 Dictunis.

216 493 235 520 4
341 480 501 521 Iterum
538 486 603 521 est
640 480 780 522 insula
819 494 905 521 11011
942 480 1067 536 longe
1110 495 1133 520 a
1164 487 1276 521 terra

217 563 233 592 5
282 549 455 604 Europa
485 563 591 603 quae
623 548 778 590 dicitur

216 632 233 659 6
481 617 632 673 Egena

217 701 234 729 7
484 685 680 742 Zephyra
710 687 845 727 minos

215 768 235 798 8
484 754 630 797 Alisos

217 837 234 864 9
480 823 614 879 Epira

195 905 234 933 10
484 890 639 934 Cibera

195 973 233 1002 11
483 961 638 1003 Alesos

195 1040 234 1068 12
484 1027 643 1072 Olfaris

194 1111 234 1139 13
482 1098 665 1140 Diabate

195 1179 235 1207 14
481 1165 651 1208 Eucira.

195 1248 233 1277 15
327 1234 396 1278 22.
457 1235 536 1277 Est
575 1236 859 1287 oersonissus,
898 1234 943 1276 id
983 1242 1046 1277 est
1085 1251 1110 1277 a
1139 1235 1277 1277 tribus

194 1317 208 1344 ...a

216 1317 233 1344 σὲ

283 1302 473 1359 partibus
504 1304 630 1345 maris
664 1304 866 1345 circulata
887 1309 928 1345 et
948 1310 1114 1345 tantum
1144 1319 1275 1345 unum

284 1378 511 1428 angustum
532 1372 693 1414 habens
714 1379 928 1414 terrenum
948 1373 1180 1426 introitum,
1202 1373 1273 1426 qui

284 1439 439 1482 dicitur
470 1440 794 1496 Peloponissum
826 1448 868 1482 et
888 1441 1065 1482 Achaia.
1119 1442 1161 1482 in
1193 1456 1275 1496 qua

284 1509 520 1550 cersonisso
549 1509 751 1565 plurimas
783 1510 913 1551 fuisse
947 1510 1137 1552 civitates
1170 1510 1274 1565 legi-

193 1385 209 1552 v--›-⁴›-·

215 1386 233 1552 φακκι

287 1638 299 1663 1
341 1635 458 1671 Tissia]
491 1634 579 1664 Lisia
607 1635 690 1671 Tub„
729 1637 874 1667 ,flexo-ala
906 1637 986 1665 Acca
1014 1638 1122 1673 Apost.
1157 1635 1198 1663 27
1231 1636 1274 1665 8?

284 1682 301 1710 2
339 1681 430 1711 Inata
459 1681 543 1718 Tab„
581 1680 741 1715 Εἴπάτος
764 1682 848 1712 Ptol.
930 1683 948 1712 3
986 1682 1146 1721 Dictynna
1170 1681 1272 1717 Mela;

281 1729 465 1771 Δίκταμον
487 1727 571 1758 Ptol.
620 1730 631 1758 ll
671 1733 746 1766 post
771 1729 917 1759 Dictunis
944 1728 968 1759 C
990 1729 1063 1758 add.
1097 1730 1135 1758 de
1160 1729 1272 1759 insulis

281 1785 344 1804 non
365 1775 459 1814 longe
476 1785 494 1805 a
510 1779 593 1804 terra
609 1785 737 1813 europa.
812 1777 829 1805 5
856 1776 1004 1814 Europae
1021 1776 1105 1805 editi.
1179 1777 1196 1805 7
1223 1785 1269 1804 ze—

281 1823 372 1860 phira
391 1821 430 1857 C‚-
456 1821 582 1861 cf.396
608 1823 639 1851 4.
675 1823 687 1851 Η
714 1823 831 1859 minos]
858 1833 928 1852 num
953 1823 1056 1852 minor
1079 1832 1120 1851 an
1142 1819 1272 1852 Minoa?

283 1870 301 1897 8
329 1869 434 1907 alysos
461 1868 491 1898 C.
569 1870 607 1898 10
635 1869 750 1907 cybera
777 1868 805 1899 C.
876 1870 915 1899 12
943 1869 1076 1899 Olearos
1091 1874 1126 1898 ut
1138 1869 1270 1899 videtur.

286 1917 323 1945 13
364 1916 499 1954 dyabate
539 1915 569 1952 C,
620 1912 784 1958 Διαβατή
819 1916 915 1953 Ptol„
964 1912 1128 1959 Διαβήτη
1164 1915 1270 1953 steph.

283 1963 324 1991 14
363 1962 477 1992 Cueira
502 1963 585 1992 editi.
659 1963 697 1992 15
739 1962 962 1993 Chersonissus
986 1964 1070 1993 edici.
1110 1964 1121 1992 ΙΙ
1155 1963 1188 1992 id
1212 1963 1269 1997 est]

282 2018 341 2046 que
369 2008 400 2038 C.
476 2010 516 2038 16
543 2009 782 2039 circumvallata
800 2009 831 2040 C.
864 2011 875 2039 ΙΙ
901 2015 932 2039 et
957 2019 1015 2040 om.
1034 2009 1064 2039 C.
1139 2010 1178 2038 17
1205 2009 1268 2046 quil

281 2056 366 2092 quod
390 2056 474 2085 editi.
551 2058 590 2085 18
622 2056 867 2094 Peloponessum
891 2057 975 2086 edici.
1012 2058 1024 2086 Η
1059 2058 1105 2093 et]
1132 2064 1207 2094 eyae
1232 2056 1268 2090 A,

281 2110 357 2139 eyac
382 2102 446 2131 BC.
484 2103 495 2130 11
530 2103 621 2132 achia
648 2102 678 2133 C.
755 2105 794 2133 19
834 2105 1008 2134 cessonisso
1033 2103 1098 2139 AB,
1137 2102 1269 2132 Cherso-

280 2148 365 2177 nisso
391 2149 474 2178 editi.
513 2150 524 2177 ΙΙ
558 2150 703 2179 civitates
729 2151 822 2180 fuisse
851 2150 880 2180 C.
