1420 2437
226 179 294 213 226
1195 185 1239 214 IV
1265 187 1307 215 24

254 294 267 320 1
317 278 550 335 Frigonum
578 279 714 334 patria
734 280 865 321 fuisse
896 280 1090 336 legimus,
1121 282 1308 337 exceptis

319 347 484 389 duabus
515 363 622 401 quae
654 349 887 402 antiquitus
917 349 1116 405 leguntur

515 416 794 458 Bordonohar
824 425 864 458 et

517 485 709 527 Noodao.
761 485 837 527 sed
858 492 899 526 et
919 487 1097 528 transire
1118 502 1193 542 per
1213 503 1310 528 ean-

321 553 417 594 dem
462 555 640 609 patriam
681 555 861 610 legimus
915 553 1089 596 fluvium
1134 556 1205 610 qui
1248 556 1310 598 dj-

319 623 429 664 citur
461 655 469 663 .
487 655 495 663 .
515 655 523 663 .

365 691 433 734 24.
499 691 660 733 Iterum
699 692 753 733 ad
787 693 969 733 frontem
1000 692 1188 733 eiusdem
1217 693 1312 734 Fri-

321 775 479 816 gonum
510 762 686 816 patriae,
719 759 929 815 quomodo
960 760 1079 802 verbi
1099 762 1237 817 gratia
1265 769 1311 803 ut

321 829 511 871 dicamus
534 829 588 870 ad
608 836 763 871 terram
785 830 1028 884 spatiosam,
1049 831 1220 885 ponitur
1239 846 1312 885 pa-

321 899 403 939 tria
433 913 539 952 quae
572 897 727 939 dicitur
756 898 940 940 Francia
959 898 1175 951 Rinensis⁷
1206 914 1312 952 quae

322 967 554 1021 antiquitus
577 965 719 1009 Gallia
733 967 885 1023 Belgia
905 967 1122 1011 Alobrites
1144 966 1311 1008 dicitur.

323 1051 449 1089 quam
478 1036 658 1090 patriam
686 1036 857 1091 plurimi
887 1035 1201 1090 descripserunt
1220 1036 1314 1091 phi-

321 1104 507 1159 losophi3
541 1120 592 1145 ex
623 1104 776 1158 quibus
809 1119 887 1160 ego
918 1104 1003 1160 legi
1023 1105 1314 1159 praenomina—

320 1180 388 1215 tos
408 1173 647 1214 Anaridum
676 1180 717 1214 et
736 1172 1020 1214 Eldebaldum
1050 1179 1176 1227 atque
1196 1173 1315 1215 Mar-

323 1243 526 1283 comirum
542 1241 782 1284 Gothorum
796 1241 1085 1296 philosophos.
1132 1241 1208 1283 sed
1230 1258 1314 1284 non

324 1312 555 1365 aequaliter
592 1312 826 1367 praefatam
874 1309 1204 1366 designavertmt
1241 1327 1315 1367 pa-

325 1382 469 1433 triam,
510 1380 587 1422 secl
617 1381 723 1422 alius
755 1380 862 1420 dixit
897 1379 1040 1431 aliter,
1078 1380 1184 1422 alius
1214 1396 1314 1422 vero

324 1450 406 1490 alio
445 1449 584 1490 modo.
655 1448 730 1490 sed
770 1464 849 1505 ego
889 1447 1123 1490 seotmdum
1151 1451 1316 1504 praefae
1354 1453 1365 1458 ’

324 1525 415 1559 tum
454 1517 692 1559 Anaridum
733 1516 973 1559 Gothorum
1017 1518 1314 1574 philosophum

324 1588 498 1628 inferius
539 1586 673 1628 dietas
715 1587 906 1629 civitates
937 1587 1149 1641 praefatae
1180 1587 1314 1629 Fran-

252 362 272 870 &wamma-0020

231 913 251 1628 [οι-ιι-«Ηι-ιμ-ι-*ι-ιι-ιυ-ιμ

254 912 274 1629 ΦΦΦ“1ΦΟ“)ῥΟ3[Οῡ-Ᾰ’Θ

327 1696 342 1723 1
382 1695 561 1732 Frigiouum
587 1694 669 1722 editi.
707 1694 719 1721 if
754 1694 888 1731 patriam
913 1694 943 1722 B
967 1694 1051 1723 editi.
1136 1696 1155 1723 2
1193 1695 1315 1725 duobus

324 1742 381 1770 AB
407 1742 490 1770 editi.
565 1741 582 1769 3
610 1741 816 1770 bondonchar
835 1739 864 1769 C.
932 1742 949 1769 6
970 1745 1046 1778 post
1063 1742 1178 1771 dieitur
1203 1741 1315 1771 lacuna

324 1798 377 1817 δεῦε
400 1787 449 1817 rel
473 1792 586 1825 septem
613 1786 789 1816 litterarum
815 1796 916 1823 capax
940 1789 976 1824 A,
1004 1787 1094 1817 nulla
1119 1788 1233 1817 lacuna
1249 1788 1312 1818 BC.

325 1836 337 1865 Η
351 1839 426 1872 post
450 1836 566 1864 dicitur
598 1833 620 1863 C
650 1834 723 1862 add.
755 1835 792 1862 de
824 1835 927 1871 patria
958 1844 1017 1872 que
1051 1836 1166 1864 dicitur
1197 1836 1315 1864 francia

325 1883 473 1918 rinensis‚
507 1891 566 1919 que
599 1881 773 1918 antiquitus
805 1880 903 1918 gallia
934 1881 1069 1919 belgicia
1094 1882 1244 1912 alobrites
1270 1883 1315 1911 di-

328 1930 416 1958 citur.
522 1930 538 1958 9
577 1928 752 1965 spaciosam
791 1927 822 1957 C.
861 1928 872 1956 Η
906 1929 1009 1965 patria
1043 1937 1122 1966 quae
1158 1939 1215 1958 om.
1249 1930 1314 1958 AB.

331 1977 369 2004 lO
396 1976 512 2004 frantia
536 1976 576 2004 B.
613 1975 625 2003 11
659 1975 827 2004 Rhinensis
853 1975 937 2003 editi.
1014 1976 1051 2004 11
1083 1974 1218 2004 Galliam
1244 1976 1315 2005 Bel-

326 2023 430 2060 gicam
442 2022 619 2060 Alobroges
631 2022 681 2050 Ilv
695 2022 748 2050 26.
774 2022 786 2050 Η
808 2021 941 2059 belgitia
956 2022 1014 2051 AB
1031 2023 1114 2051 editi.
1178 2023 1217 2051 14
1235 2032 1316 2052 mar-

326 2071 479 2098 mimirum
499 2068 529 2098 C.
615 2070 655 2097 15
682 2073 758 2106 post
779 2069 1001 2098 Marcomirum
1022 2070 1048 2097 A
1073 2067 1146 2097 add.
1172 2078 1226 2098 seu
1248 2079 1316 2099 sco-

325 2117 422 2152 riumg
449 2118 467 2145 i.
487 2126 512 2144 e.
538 2115 726 2152 Castorium,
758 2120 790 2145 ut
814 2116 864 2145 IV
886 2116 940 2152 42,
974 2115 997 2145 C'
1019 2115 1090 2144 add.
1117 2117 1314 2146 scustorium.

325 2163 336 2190 Η
358 2163 583 2200 philosophum
606 2162 670 2191 AB.
