1420 2437
124 172 183 789 w—xezvrffnmwr—t:

130 899 150 1620 ωῑ-ίν-Δμ-ιι-Ᾰν-Δι-ιι-ν-ιι--μ

152 832 174 1620 ΦΦΟΟᾸῖΦωκΒωΝὶμ-*Οφ

1169 170 1211 202 13

217 267 332 309 tibus
364 267 552 308 infinitus
578 265 777 308 Oceanus
810 282 900 308 esse
933 266 1210 322 dignoscitur.

218 352 316 377 nam
337 336 525 391 plerique
548 336 684 377 sancti
699 342 840 390 patres
862 343 904 377 et
924 336 1113 376 nonnulli
1136 336 1212 376 hu-

217 406 283 446 ius
325 404 473 446 mundi
510 404 753 459 philosophi
799 405 1059 459 scripserunt
1100 404 1212 458 quod

218 473 555 515 Transindorum
599 473 666 514 vel
702 473 925 514 Britonum
969 473 1212 528 regionibus

219 543 354 583 oritur
376 543 443 583 vel
463 543 636 597 ponitur
657 542 733 583 sol.
777 541 891 595 quod
910 548 1092 582 testatur
1112 542 1213 582 mihi

220 618 394 651 sanctus
434 612 618 652 Basilius
659 609 880 652 Caesariae
918 609 1214 665 Cappadociae

220 681 445 734 episcopus
477 681 520 721 in
552 696 627 722 suo
656 680 910 731 Exanoeron,
942 679 1018 720 sed
1049 687 1089 720 et
1120 695 1215 720 san-

221 755 315 789 ctus
348 748 558 790 Ysidorus
590 748 834 803 Ispalensis.
896 764 993 788 nam
1018 748 1215 803 Liginius

222 824 263 857 61
287 815 454 858 Cathon
477 824 601 871 atque
623 817 884 858 lamblichus
914 817 1040 858 huius
1068 817 1216 858 mundi

219 885 463 940 philosophi
501 887 545 927 in
583 887 670 927 suis
702 886 1035 941 expositionibus
1073 886 1218 927 decre-

220 961 371 995 verinit
394 954 509 1008 quod
528 970 657 996 verno
678 961 866 1009 tempore
883 954 1218 996 Transindorum

221 1023 289 1063 vel
318 1023 544 1064 Britonum
584 1023 829 1080 regionibus
868 1025 1001 1065 oritur
1037 1024 1104 1064 vel
1143 1039 1218 1079 po-

221 1092 336 1133 nitur
368 1092 444 1133 sol.

267 1160 307 1204 6.
368 1161 427 1202 Ε1
459 1162 494 1202 si
525 1162 703 1202 forsitan
735 1162 886 1216 aliquis
925 1169 1113 1203 nostram
1149 1178 1219 1202 ex-

222 1231 480 1284 positionem
511 1246 691 1272 renuens
734 1231 1051 1286 cosmographis
1086 1231 1220 1272 credi-

224 1298 348 1351 derit,
382 1300 454 1353 qui
477 1307 675 1340 cunctam
697 1300 818 1353 quasi
840 1298 1028 1341 Orientis
1050 1301 1220 1356 plagam

224 1367 542 1423 descripserunt
564 1375 605 1408 et
627 1368 753 1408 etiam
776 1366 998 1409 Oceanum
1018 1369 1085 1410 vel
1103 1370 1222 1410 iuxta

222 1436 403 1478 limbum
435 1437 524 1478 eius
557 1437 638 1478 sita
668 1437 763 1478 loca
793 1444 835 1478 et
869 1438 1063 1493 regiones
1102 1438 1221 1491 quasi

223 1506 429 1547 minutius
462 1506 710 1546 nominatim
734 1505 1078 1561 designaverunt,
1111 1506 1223 1560 quod

224 1574 422 1615 omnibus
456 1573 709 1616 Christianis
748 1574 888 1615 dicere
920 1575 1114 1616 illicitum
1146 1583 1223 1627 est⁷

227 1671 244 1698 1
287 1670 462 1699 dinoscitur
486 1672 523 1699 A.
604 1672 623 1699 4
656 1671 798 1708 regiones
815 1673 851 1699 A.
933 1671 951 1700 5
989 1672 1067 1699 mihi
1086 1674 1223 1707 sanetus]

225 1717 259 1745 in
287 1717 404 1745 sanctis
430 1717 514 1746 editi.
600 1718 617 1746 6
656 1717 794 1746 baxilius
822 1718 861 1746 Β.
893 1718 904 1746 11
940 1718 1109 1747 Caesareae
1140 1718 1223 1747 editi.

225 1763 237 1791 11
250 1764 487 1800 cappadotieB.
538 1766 555 1792 Τ
582 1764 783 1793 Hexameron
801 1765 892 1799 editi5
917 1766 936 1793 6
964 1766 995 1793 9.
1010 1766 1020 1792 11
1034 1765 1224 1794 61011ι.ειῖέιὶ.

226 1810 238 1838 ΙΙ
256 1814 364 1839 santus
390 1812 426 1839 A.
532 1812 549 1840 8
588 1811 728 1840 Isidorus
753 1811 838 1839 editi.
870 1812 882 1840 ΙΙ
914 1811 1099 1848 Ispalensis]
1131 1821 1226 1849 yspa—

226 1857 332 1885 nensis
350 1857 388 1892 B,
415 1857 619 1894 Yspaniensis
637 1858 722 1886 editi.
748 1858 760 1886 11
788 1858 930 1895 Ligmius
947 1858 1062 1886 Pol-ch.
1082 1858 1177 1887 (ἔν-οη.
1195 1859 1226 1887 2.

230 1905 247 1932 9
276 1904 407 1932 crathon
417 1905 454 1932 A.
473 1905 484 1932 11
507 1903 699 1933 laniblichus
711 1905 749 1940 B,
764 1904 935 1933 Iamblicus
950 1905 1033 1933 editi.
1074 1907 1112 1933 11
1141 1910 1227 1934 trans

227 1950 385 1988 yndorum
399 1952 436 1978 A.
499 1951 539 1978 12
567 1951 764 1979 britonorum
777 1951 816 1979 B.
842 1952 854 1979 ΙΙ
876 1952 1019 1988 regiones
1033 1953 1070 1980 A.
1135 1954 1175 1981 14
1201 1954 1227 1982 si

228 2006 287 2025 om.
302 1997 330 2025 B
344 1996 428 2027 editi,
492 1998 532 2026 17
571 1998 654 2026 iusta
672 1999 710 2025 A.
773 1998 813 2026 19
850 1998 1013 2034 minutius]
1033 1999 1180 2028 minimus
1199 2000 1228 2028 B

227 2043 354 2079 Porclz.⁷
388 2044 534 2072 minimas
566 2044 662 2072 Gron.
684 2045 716 2072 1.
735 2044 766 2072 2.
801 2044 812 2072 ΙΙ
852 2045 947 2082 quod]
973 2054 1035 2082 quo
1063 2047 1119 2074 AB
1143 2047 1227 2075 editi.

228 2091 240 2119 11
259 2095 331 2119 ante
356 2091 441 2127 quod
466 2090 540 2118 editi
565 2091 683 2119 addant
707 2100 758 2127 ex,
785 2100 842 2119 om.
861 2092 898 2128 A,
932 2094 1058 2129 punctis
1083 2092 1165 2122 delet
1189 2094 1225 2122 B.

230 2138 272 2166 20
311 2137 468 2172 illicitum]
494 2138 572 2166 mihi
596 2137 717 2167 licitum
742 2139 779 2166 A.
