1420 2437
80 162 126 853 φωκισιεπιμωιομ<

135 162 154 191 ω

83 894 100 1683 ωωι-ιι-ὲι-ιι-ιι-ι-ιι-ιυ-ιν-*μ

106 893 126 1684 ῌΟΦΦ“]ΦΨΡ>ωδ9’-“Φ

1107 157 1176 193 339

235 256 282 300 Si
312 272 412 298 vero
446 257 600 311 aliquis
634 256 787 299 doctus
818 257 983 299 astucia
1005 264 1046 298 et
1073 257 1173 299 sub-

175 327 329 368 tilitate
367 327 619 381 perniciosa,
659 341 734 368 cur
771 326 1037 382 supradictas
1071 327 1173 367 civi-

175 402 285 438 tates
317 395 419 436 illuc
456 396 516 437 ita
550 396 860 437 nominavimus
893 402 933 437 et
964 410 1079 436 nunc
1108 395 1173 436 in-

174 466 304 506 ferius
322 465 444 506 aliter
464 464 721 506 nominando
743 465 1034 520 supponimus,
1057 463 1171 506 dicat

176 549 305 589 quare
325 534 407 575 hoc
427 534 604 575 fecimus
627 540 668 575 et
688 534 908 586 faciemus,
937 533 1173 589 respondeo

176 603 220 645 id
276 603 391 657 quod
445 618 572 657 supra
620 618 871 658 responsum
931 609 1007 644 cst.
1099 601 1174 644 sed

176 678 351 727 quaerat
382 672 691 727 suprascriptas
722 672 915 713 civitates
940 672 1052 712 circa
1073 672 1172 713 litus

175 741 302 782 maris
344 740 552 795 praedicti
591 742 751 796 positas
792 747 833 781 et
865 755 889 781 a
923 739 1044 781 nobis
1077 740 1174 781 inti-

176 815 325 863 matas,
371 816 412 851 et
457 809 573 865 legat
619 817 661 851 et
700 811 891 866 perlegat
931 808 1172 850 omnimodo

176 895 261 932 eas,
282 879 463 934 reperiet
483 878 596 920 idem
617 885 659 920 et
680 879 863 920 eundem
883 879 1173 933 significantes

176 955 218 990 et
248 948 388 989 verbis
420 964 553 1003 paene
587 949 745 991 eisdem
778 947 1014 1002 descriptas
1047 954 1173 1001 atque

176 1024 406 1059 enarratas.
467 1033 581 1059 nunc
613 1034 714 1074 ergo
751 1016 805 1059 ad
838 1017 1031 1058 civitates
1064 1017 1174 1058 eius-

176 1086 272 1128 dem
302 1087 429 1128 maris
464 1088 577 1128 circa
616 1088 716 1129 litus
758 1092 1017 1141 exponentes
1050 1086 1174 1127 reite-

174 1171 316 1198 ramus
349 1161 391 1197 et
421 1171 491 1197 eas
524 1156 817 1198 describimus.

217 1226 258 1269 3.
319 1225 482 1267 Iterum
513 1232 577 1267 est
609 1226 758 1267 civitas
790 1225 981 1266 Pomune

375 1293 588 1349 Scapiana

374 1364 514 1405 Nicea

374 1434 536 1475 Micalo
570 1433 736 1475 colonia
765 1433 998 1473 Diccorum

374 1503 592 1558 Antipolis

375 1570 490 1613 Orea

375 1640 489 1682 Foro
521 1640 619 1681 Iulii

177 1767 191 1794 1
221 1765 252 1794 Si
272 1787 316 1791 —
338 1767 378 1795 14
405 1767 612 1796 describimus
644 1776 702 1795 om.
729 1766 786 1794 AB
812 1765 896 1794 editi.
977 1764 994 1791 G
1022 1764 1054 1791 id
1073 1765 1173 1800 quod}

173 1813 244 1842 ideo
271 1813 346 1850 quia
373 1812 402 1842 C.
480 1814 520 1841 14
541 1818 616 1850 post
642 1813 848 1842 describimus
878 1810 900 1840 C
929 1810 1001 1838 add.
1030 1810 1175 1839 civitates

173 1859 232 1889 iste
260 1864 333 1889 sunt
358 1868 428 1889 Lxx
454 1861 486 1888 id
512 1864 568 1888 est.
639 1860 676 1889 15
706 1864 751 1888 est
778 1869 836 1887 om.
864 1858 921 1886 AB
946 1857 1030 1885 editi.
1069 1857 1080 1886 Η
1115 1857 1175 1886 Ρο-

174 1916 267 1935 mune
297 1908 390 1935 etium
423 1907 490 1935 243
519 1907 548 1943 9,
587 1916 726 1944 pomona
764 1906 798 1934 G.
922 1905 961 1933 16
1003 1903 1176 1941 Scarpiana

175 1954 242 1982 243
269 1955 323 1982 10.
401 1955 439 1982 17
467 1954 567 1982 Nicea
592 1955 684 1982 etiam
704 1953 771 1982 243
798 1954 852 1981 11.
922 1952 962 1979 18
989 1951 1115 1980 nicalon
1138 1952 1172 1980 G.

173 2002 185 2030 ΙΙ
202 2001 392 2030 Dicacorum
419 2001 503 2037 editi,
536 2010 594 2029 om.
624 2002 665 2035 (1';
704 2000 746 2038 cf.
775 2000 842 2028 243
870 1999 912 2027 12
940 1998 989 2026 ubi
1014 1998 1160 2027 Melacon

173 2049 262 2078 ditia.
366 2049 404 2076 19
444 2047 606 2085 Antipolis
625 2069 668 2073 -
689 2049 753 2077 340
784 2048 801 2076 2
838 2046 1025 2077 Carnarium
1051 2056 1109 2074 om.
1138 2046 1173 2074 G.

174 2098 214 2126 19
254 2095 427 2133 anthipolis
452 2096 488 2131 A,
529 2095 701 2132 antiopolis
730 2094 759 2130 C,
798 2092 992 2131 Anthopolis
1025 2093 1093 2122 243
1119 2094 1172 2121 13.

172 2145 213 2173 20
244 2143 326 2173 Orea
352 2145 444 2172 etiam
463 2142 530 2172 243
558 2143 612 2172 14.
676 2143 716 2171 21
745 2143 826 2172 Foro
840 2142 916 2171 Divi
931 2139 1004 2204 Iusslii
1024 2140 1091 2169 24²3
1118 2141 1172 2169 15.

908 2198 947 2221 22
