1420 2437
115 694 132 722 λ1
116 625 134 653 Οἱ
116 553 134 582 0·
117 484 137 512 §b
119 415 137 443 0³
120 347 138 374 ΚΦ
123 278 136 305 μ
99 165 126 195 <

154 166 171 195 Μ

113 762 131 858 ²:³00

84 900 104 1275 ι-ιι-*ν-ιμι-ιι-

107 899 130 1276 ΦΊΗᾸΟΟΚΦῢ-*Ο

83 1317 123 1346 16

82 1386 122 1415 17

1123 174 1191 208 335

390 264 542 308 Castro
574 282 683 309 novo

388 333 571 377 Centum
605 337 721 378 cellis

384 403 570 446 Minium

387 472 634 516 Tuvellaria

386 540 596 585 Gravisca

383 610 558 653 lMIartha

381 679 542 722 Forum
572 683 738 724 Aurelii

382 749 590 792 Armenta

382 817 454 859 Ad
485 835 617 862 novas

379 885 576 931 Saturnie

378 955 568 1001 Succosa

378 1024 491 1068 Cosa

375 1094 554 1137 Portum

375 1163 556 1207 Albinia

373 1232 604 1277 Telamone

372 1301 484 1344 Asta

369 1371 591 1415 Umbrone

175 1495 190 1523 1
210 1492 322 1525 Castro
336 1506 419 1527 novo
437 1500 529 1527 etiam
545 1499 611 1529 267
629 1501 659 1536 2,
679 1505 815 1530 castrum
831 1511 949 1532 novum
965 1503 1000 1532 G.
1051 1505 1068 1533 2
1090 1504 1171 1535 Cen-

171 1545 239 1570 tum
258 1542 345 1573 cellis
371 1547 462 1574 etiam
481 1546 547 1574 267
573 1547 594 1576 3
613 1552 641 1576 et
661 1548 695 1585 G,
721 1549 905 1579 centucellis
922 1551 988 1579 AB.
1063 1553 1081 1580 3
1108 1552 1170 1581 Mi-

169 1588 258 1617 nium
283 1592 375 1620 etiam
401 1592 468 1621 267
495 1594 525 1630 4,
562 1595 702 1624 manium
730 1595 764 1624 G.
861 1597 881 1625 4
918 1597 1053 1627 tuvelari
1090 1598 1112 1628 C
1136 1604 1168 1628 ut

170 1635 236 1663 267
262 1637 294 1673 5,
327 1639 473 1669 tuellaria
493 1642 566 1676 AB,
596 1642 776 1672 Tabellaria
803 1643 886 1672 editi.
963 1646 979 1674 5
1017 1644 1168 1675 Gravisca

167 1683 260 1712 etiam
279 1684 345 1712 267
373 1686 392 1714 6
410 1691 438 1715 et
457 1687 491 1723 G,
520 1689 662 1718 cravisea
679 1690 734 1718 AB
751 1690 835 1719 edici.
887 1692 904 1719 6
930 1691 1058 1721 Martha
1075 1695 1167 1722 etiam

168 1729 235 1758 267
264 1732 293 1759 7.
391 1735 408 1762 7
442 1734 556 1764 Forum
580 1735 702 1765 Aurelii
728 1739 820 1766 etiam
839 1737 904 1766 267
932 1740 952 1766 8
978 1742 1007 1766 ec
1035 1738 1070 1775 G,
1097 1740 1164 1769 foro

167 1777 278 1806 aurelii
303 1779 360 1807 AB
385 1780 469 1810 editi.
531 1783 549 1811 8
586 1783 738 1812 Armenta
763 1785 855 1813 etiam
882 1786 948 1814 267
977 1786 1006 1814 9.
1071 1786 1088 1814 9
1115 1786 1165 1816 Ad

165 1833 265 1853 novas
282 1827 373 1854 etiam
388 1827 454 1856 267
472 1828 515 1856 10
534 1833 563 1857 et
580 1829 647 1858 285
674 1831 705 1865 1,
732 1840 832 1860 nouas
847 1832 902 1860 ΑΒ
920 1832 1003 1868 editi,
1023 1841 1107 1862 nova
1127 1834 1160 1863 G.

169 1872 209 1899 10
249 1874 390 1902 saturnia
429 1874 453 1903 G
489 1875 564 1903 editi
594 1881 628 1904 ut
650 1877 722 1905 Ταῦ.
822 1879 860 1906 11
902 1878 1041 1908 Succosa
1071 1882 1163 1910 etiam

166 1918 233 1946 267
260 1920 320 1956 11,
359 1921 494 1950 subcosa
519 1922 586 1950 AB.
693 1924 731 1952 12
772 1923 855 1953 Cosa
891 1927 983 1954 etiam
1013 1926 1080 1955 267
1107 1928 1163 1957 12.

167 1967 207 1995 13
246 1967 287 1995 ad
325 1972 457 2004 pontum
498 1967 527 2004 C,
577 1969 628 1998 Ad
666 1976 792 2008 portum
830 1970 960 2002 Cossam
1003 1974 1069 2002 267
1107 1975 1162 2005 13.

166 2014 205 2042 14
245 2013 356 2043 albilia
396 2014 420 2044 C'
454 2019 487 2044 ut
518 2015 584 2044 267
611 2017 665 2048 14,
778 2019 816 2048 15
861 2019 1031 2050 Telamone
1069 2024 1162 2052 etiam

163 2060 229 2089 267
257 2061 311 2096 15,
361 2061 532 2091 tellamone
567 2063 596 2098 C,
648 2065 820 2094 telamonia
851 2067 887 2103 A,
938 2067 1098 2099 telamona
1125 2070 1161 2099 G.

164 2108 203 2137 16
236 2107 315 2137 Asta
341 2111 432 2138 etiam
459 2110 526 2139 268
554 2112 582 2139 1.
662 2113 701 2141 17
736 2112 897 2143 Umbrone
923 2116 1014 2144 etiam
1033 2116 1100 2147 268
1127 2118 1158 2154 2,

156 2155 312 2185 umbrona
339 2156 375 2189 G,
578 2153 587 2163 ’
