1420 2437
112 145 218 166 vao
251 139 266 165 1
274 137 290 165 2
298 137 314 165 5
1137 135 1204 169 551

135 248 157 826 φοοκιωυιρωωμ

117 867 137 1584 ωι-ιυ-ιι-ιι-ιι-ιμ-*ν-ι-ιιι-Δμ

140 867 161 1584 Φωοο-ῑσὶυιιμῡοιθι-ιο

208 232 390 274 sioribus
423 232 585 273 scilicet
617 233 688 286 qui
727 232 939 287 pertinent
971 248 1023 273 ex
1052 234 1205 274 monti-

207 301 287 343 bus
321 300 488 356 Caspiis
531 307 572 342 et
605 299 855 352 Caucaseis3
897 302 969 355 qui
1005 301 1203 343 videlicet

207 369 360 411 fluvius
383 370 540 411 Tanais
571 371 615 411 in
642 370 847 411 Meotidis
870 369 1096 425 paludibus
1129 385 1205 411 sua

207 438 381 494 deponit
420 438 590 480 fluenta.
652 439 706 480 ad
744 446 907 494 partem
945 454 1045 480 vero
1081 440 1205 480 meri-

206 507 377 548 dianam
396 507 530 551 habet¹
543 508 670 549 finem
691 524 805 549 mare
826 508 1025 560 Pontum,
1054 508 1099 548 in
1121 522 1204 561 quo

207 576 493 631 praescriptae
515 576 733 618 Meotidae
750 576 926 632 paludes
944 576 1140 628 influunt,
1163 583 1204 617 et

207 652 436 701 angustum
466 644 581 699 quod
603 644 654 686 de
674 645 813 687 Ponto
834 646 878 686 in
900 644 1205 700 Propontidem

206 714 326 754 iuxta
345 713 494 755 urbem
516 712 930 769 Constantinopolim
954 713 1205 769 ingreditur,

208 781 323 836 quod
345 783 507 823 scilicet
525 783 569 823 in
589 783 788 839 pelagum
808 782 1077 824 Adriaticum
1098 798 1206 823 mer—

208 851 271 907 git
300 851 373 905 qui
399 852 631 905 antiquitus
652 851 823 894 Ionicus
852 852 1021 903 dicitur,
1052 850 1205 892 deinde

209 934 375 974 quoque
398 921 536 961 sinum
552 919 700 961 Italiae
717 921 1028 976 Tyrrhenicum
1044 926 1084 960 et
1102 918 1206 960 Gal-

206 988 350 1041 licum,
381 989 750 1030 sinumValeriaco
771 990 1007 1045 Hispaniae
1032 988 1206 1029 fretum-

209 1072 289 1111 que
312 1056 587 1099 Gaditanum.
639 1058 711 1112 qui
738 1057 938 1099 videlicet
958 1058 1055 1098 finis
1080 1057 1206 1098 etiam

208 1126 515 1168 occidentalem
544 1127 715 1182 plagam
746 1127 789 1167 in
821 1143 865 1169 se
898 1126 1205 1182 complectitur.

249 1195 346 1239 125.
408 1194 771 1250 Septentrionales
802 1196 1000 1251 Europae
1038 1195 1207 1236 termini

210 1271 309 1306 sunt
339 1263 538 1307 Oceanus
572 1265 644 1319 qui
674 1265 813 1321 tangit
835 1264 1057 1320 Scythiam
1087 1265 1207 1306 here-

209 1349 384 1377 mosam.
445 1334 488 1375 in
509 1334 655 1389 primis
681 1332 859 1389 Scythia
879 1349 987 1388 quae
1008 1334 1052 1375 in
1073 1333 1208 1375 omni-

209 1404 290 1445 bus
311 1404 531 1444 hercmosa
562 1402 718 1443 existit.
778 1403 950 1457 ponitur
971 1409 1112 1443 autem
1132 1417 1208 1456 per

211 1488 285 1513 ora
328 1472 464 1512 litoris
505 1469 668 1513 Oceani
709 1471 1049 1525 septentrionalis
1089 1471 1208 1511 iuxta

212 1547 376 1582 montes
408 1540 611 1596 Ripheos.
680 1554 786 1593 quae
827 1540 953 1580 etiam
992 1540 1117 1595 longe
1147 1539 1207 1580 la-

260 1726 380 1755 codc‘ces
405 1725 468 1764 bfv.
543 1725 585 1764 cf.
603 1726 681 1754 Rav.
700 1724 767 1754 323
794 1726 836 1753 10
855 1735 900 1763 sq.
928 1730 956 1753 et
983 1726 1049 1754 168
1078 1726 1093 1753 1
1113 1736 1159 1764 sq.

215 1789 233 1817 3
272 1789 397 1817 thanais
427 1798 455 1817 ν.
528 1789 539 1817 Η
598 1789 710 1817 meotis
740 1798 768 1816 v.
877 1790 894 1816 7
934 1788 1124 1826 propontide
1161 1787 1206 1826 bf.

217 1836 233 1863 9
272 1835 482 1864 hadriaticum
508 1846 535 1864 v.
624 1837 663 1864 10
702 1835 821 1864 ionium
852 1845 880 1863 r.
973 1836 1012 1863 11
1051 1834 1149 1873 ytahe
1172 1833 1206 1873 f.

215 1882 226 1910 11
245 1886 388 1919 tyrenum
417 1881 450 1919 f,
487 1886 648 1920 tyrrenum
686 1882 713 1910 b.
852 1882 892 1910 12
937 1881 1122 1910 valeriatico
1161 1880 1206 1919 bf.

214 1930 225 1958 Η
245 1929 398 1966 hyspanie
416 1928 451 1967 f.
488 1929 499 1957 Η
534 1930 648 1958 fretum
672 1939 699 1957 v.
776 1929 815 1958 13
844 1929 913 1965 qui]
942 1938 1020 1965 quae
1037 1939 1064 1965 v,
1092 1938 1151 1965 que
1179 1928 1206 1957 b.

218 1976 257 2004 15
297 1976 542 2013 septentrionale
581 1974 627 2014 bf.
737 1976 777 2004 16
816 1984 968 2004 occeanus
995 1974 1039 2014 bf.
1090 1976 1101 2003 Η
1148 1975 1207 2003 sci-

216 2023 315 2052 thiam
333 2022 366 2061 f,
405 2023 567 2051 scientiam
603 2022 631 2051 I).
719 2023 758 2051 17
798 2022 912 2051 scithia
944 2021 989 2060 bf.
1078 2022 1116 2050 19
1155 2022 1207 2051 lit-

215 2070 293 2099 toris
318 2080 344 2098 r.
396 2070 406 2093 Η
455 2070 581 2098 occeani
609 2068 653 2108 bf.
752 2069 793 2097 20
831 2069 989 2107 rhypheos
1015 2068 1042 2097 b.
