1420 2437
105 177 150 207 IV
176 178 219 207 42
1128 175 1198 208 303

129 290 149 728 «immsswmv-n

109 907 125 1142 ›-³»-*‡·-·›-·

130 769 148 1143 ωΜῠ-*ΦΦΕὩ

108 1185 123 1280 μιν-ι

130 1185 149 1281 wax

397 273 581 315 Diciana

400 342 599 384 Iuncaria

400 409 610 453 Cinniana

399 478 606 522 Gerunda

401 549 540 603 Aquis
572 547 764 590 Vuconis

397 616 544 660 Steras

397 686 634 727 Bareelona

396 755 663 797 Praetorium

399 825 627 880 Arragona

400 893 531 935 Fines

398 962 647 1004 Antistiana

400 1031 593 1073 Palturia

397 1100 648 1157 Tarsagona

398 1168 637 1226 Saguntum

398 1238 530 1280 Pinos

203 1411 218 1438 1
258 1410 395 1439 Diciana
433 1412 525 1440 etiam
560 1410 587 1439 V
616 1410 653 1447 3,
698 1411 819 1439 ditiana
848 1410 878 1438 B
909 1408 1000 1446 editi,
1041 1409 1197 1440 Δεκίανα

198 1455 294 1493 Ptol„
319 1457 461 1487 Deciana
491 1457 562 1486 Ταῦ.
638 1458 655 1486 2
682 1457 829 1486 Iuncaria
853 1458 945 1485 etiam
968 1456 997 1485 V
1018 1455 1038 1484 3
1065 1460 1094 1485 et
1110 1456 1195 1492 Ant„

198 1503 355 1533 Luncaria
377 1505 449 1533 Ταῦ.
524 1506 542 1533 3
576 1503 732 1533 Cinniana
757 1506 848 1533 etiam
871 1503 899 1532 V
920 1503 940 1532 3
967 1507 996 1532 et
1019 1504 1104 1539 Ant.y
1131 1504 1197 1532 cin-

199 1560 294 1580 mana
317 1550 410 1588 ABG,
449 1551 612 1581 Cenuiana
634 1551 707 1580 Tab.
780 1552 799 1580 4
839 1549 988 1580 Gerunda
1012 1552 1104 1579 etiam
1128 1550 1155 1579 V
1176 1550 1196 1579 3

200 1601 228 1626 et
245 1598 330 1636 Ant„
355 1597 501 1627 Gerunda
522 1598 594 1627 Tah.
670 1598 686 1627 5
714 1598 871 1634 Vuconis]
896 1598 1028 1626 unconis
1045 1598 1083 1634 B,
1111 1598 1197 1626 uico-

199 1645 249 1673 nis
277 1643 308 1681 G,
334 1645 474 1675 Voconis
500 1645 575 1674 editi
592 1655 658 1673 cum
672 1646 755 1681 Ant.⁷
782 1645 907 1674 Voconi
929 1644 1012 1681 Tab.,
1038 1645 1196 1673 Bocconis

206 1691 234 1719 V
255 1691 286 1719 3.
361 1692 378 1720 6
412 1691 517 1721 Steras
543 1693 634 1721 etiam
659 1692 686 1721 V
707 1692 738 1728 3,
766 1691 906 1721 Seterras
931 1691 1007 1720 editi
1031 1700 1097 1720 cnm
1122 1692 1194 1720 Ant.

202 1739 220 1767 7
246 1737 429 1767 Barcenone
454 1740 538 1775 Ant„
577 1738 710 1768 Colonia
734 1739 870 1768 Burcino
896 1738 923 1767 V
944 1738 976 1767 3.
1050 1738 1068 1766 8
1103 1737 1197 1766 Pme-

200 1785 317 1813 torium
335 1786 426 1813 etiam
447 1785 474 1814 V
486 1785 518 1822 3,
538 1786 709 1822 pretorium
727 1785 757 1821 C,
775 1785 936 1814 Praetorio
950 1785 1023 1813 Ant.
1074 1785 1090 1813 9
1117 1784 1197 1813 Ara-

201 1841 285 1869 gona
308 1831 336 1860 V
356 1831 388 1860 3.
464 1833 504 1860 10
536 1831 629 1861 Fines
655 1834 746 1861 etiam
770 1832 798 1860 V
818 1832 839 1860 3
865 1835 894 1860 et
909 1833 982 1860 Ant.
1058 1832 1097 1859 11
1131 1831 1196 1860 An-

199 1879 330 1908 tistiana
355 1879 447 1907 etiam
465 1878 494 1907 V
513 1878 534 1906 3
560 1882 588 1906 et
604 1879 676 1906 Ant.
752 1879 792 1907 12
819 1877 1001 1907 Palturiana
1020 1877 1049 1906 V
1067 1877 1098 1912 3,
1125 1877 1197 1907 Pal-

200 1926 326 1954 furiana
350 1926 422 1954 Ant.
510 1926 549 1954 13
576 1925 758 1962 Tarragona
783 1925 868 1960 editi,
895 1925 1104 1954 Tarraconem
1128 1925 1155 1954 V
1175 1925 1196 1954 3
1217 1953 1224 1960 ,

203 1977 232 2001 et
255 1974 328 2002 Ant.
404 1973 446 2001 14
479 1971 713 2010 Saguntum—
730 1972 796 2001 304
822 1972 842 2000 4
868 1970 1018 2008 Hildum]
1045 1971 1101 2000 hoc
1127 1971 1195 2001 loco

201 2019 256 2049 AC
278 2024 307 2048 et
332 2021 470 2057 aprima
486 2029 525 2047 m.
545 2022 704 2047 correctus
721 2019 759 2055 B,
780 2022 854 2056 post
872 2017 1022 2047 Setavum
1041 2018 1127 2055 (304
1156 2019 1194 2055 9)

202 2066 286 2103 editi,
313 2066 434 2096 scilicet
457 2065 607 2104 neylectis
631 2075 650 2094 a
666 2065 686 2094 b
706 2075 722 2094 c
740 2066 760 2095 d
785 2064 945 2102 litterulis,
978 2066 1086 2104 quibus
1110 2067 1142 2095 in
1165 2067 1195 2095 B

201 2113 280 2142 ordo
304 2115 458 2143 nominum
482 2113 650 2142 indicatur.
713 2112 724 2141 Η
784 2111 976 2151 Saguntum]
1009 2114 1099 2142 immo
1126 2113 1195 2143 Sal-

201 2163 269 2190 tum
292 2160 320 2189 V
340 2160 372 2190 3.
448 2161 488 2190 15
527 2160 628 2189 Pinon
652 2159 679 2188 V
700 2159 731 2188 3.
