1420 2437
86 185 194 207 vao
223 178 240 206 6
1116 176 1186 209 453

111 290 132 868 ΦΦΚΙΦΟῚρῢΟΙΟΗ

94 909 113 1552 ν-Δι-Λμν-ιι-ιν-ιι-ιμμ-ιι-

116 909 138 1552 φω-ισιυ-μμωωι-ιο

179 274 263 314 iam
293 273 337 314 in
368 273 549 328 propriis
582 273 741 327 patrias
765 274 1086 326 nominaverim⁷
1118 281 1182 315 ta-

178 358 276 384 men
314 343 518 383 reiterans
551 339 724 384 Christo
764 343 935 384 favente
976 343 1180 384 minutius

181 411 430 468 designabo.

210 480 251 524 5.
311 480 438 522 Italia
453 479 613 521 habens
631 480 736 521 fines
755 480 807 522 ab
825 479 1046 522 occidente
1063 496 1183 522 mon-

181 556 246 591 tes
271 549 477 601 excelsos,
501 564 605 603 quos
629 548 801 603 quidam
818 549 996 591 Titanos
1021 549 1182 601 dicunt,

183 619 253 660 alii
277 618 412 673 Alpes
440 618 580 660 Iovias
613 619 846 670 nominant,
876 619 1128 674 incipientes
1161 634 1185 660 a

182 688 289 729 mari
328 686 521 740 Gallico,
559 687 674 741 quod
711 694 753 728 et
783 687 1031 740 Tirrenum,
1070 686 1186 729 haud

182 756 307 812 longe
349 771 373 796 a
415 755 634 811 praedicta
674 757 845 797 civitate
884 742 1185 812 Vigintimilio.

185 825 257 879 qui
286 824 487 866 videlicet
518 831 683 867 montes
725 824 920 866 dividunt
950 826 1061 866 inter
1090 840 1188 880 pro-

184 894 369 935 vinciam
390 892 680 948 Septimanam
702 901 743 935 et
759 894 944 946 Italiam,
966 894 1076 935 inter
1101 894 1186 936 Re-

184 964 323 1004 tianos
346 969 387 1004 et
408 963 590 1015 Italiam,
621 963 731 1004 inter
748 961 1013 1004 Carantanos
1037 969 1078 1004 et
1098 963 1187 1004 Ita-

185 1032 300 1084 liam,
322 1032 434 1073 inter
453 1032 634 1086 patriam
652 1030 919 1073 Carnuntum
942 1038 983 1073 et
1004 1031 1186 1085 Italiam,

187 1100 302 1155 quod
343 1102 491 1156 iugum
524 1099 709 1142 Carnich
750 1100 802 1142 ab
835 1101 1020 1155 antiquis
1052 1101 1187 1156 Alpes

185 1169 318 1211 Iuliae
348 1168 612 1222 dicebantur,
634 1171 788 1224 quique
813 1171 939 1211 etiam
962 1170 1038 1211 tali
1061 1169 1188 1211 modo

188 1238 434 1280 claudentes
466 1238 634 1279 Italiam
667 1238 933 1280 descendunt
965 1239 1019 1280 ad
1050 1240 1189 1281 sinum

187 1308 315 1349 maris
329 1307 543 1348 Adriatici
563 1323 648 1348 non
669 1308 795 1364 longe
819 1324 843 1349 a
866 1308 1036 1349 civitate
1054 1308 1189 1349 Thar-

189 1377 323 1418 satico
353 1377 596 1432 provinciae
617 1376 850 1418 Liburniae
882 1377 1088 1418 inlocum
1118 1378 1189 1431 qui

190 1444 347 1487 dicitur
377 1446 533 1487 Fanas.

221 1512 260 1556 6.
323 1515 365 1555 Α
387 1513 574 1556 secundo
594 1514 726 1555 latere
749 1521 813 1556 est
828 1514 977 1556 Italiae
997 1514 1094 1556 finis
1115 1529 1191 1569 per

239 1661 359 1690 codices
386 1660 480 1700 bfmr.
590 1662 634 1702 cf.
648 1663 726 1692 Rav.
741 1663 809 1692 325
836 1664 878 1693 10
897 1673 942 1702 sq.
970 1664 1037 1704 292
1064 1664 1142 1702 4sq.

195 1734 209 1760 1
249 1732 453 1761 nominavero
472 1731 506 1770 f.
617 1734 633 1761 2
672 1733 823 1763 christum
840 1733 874 1773 f.
924 1734 936 1763 Η
982 1734 1139 1763 minucius
1155 1733 1189 1773 f.

193 1780 210 1808 3
250 1779 441 1816 (lessignabo
474 1789 513 1807 m.
575 1780 587 1808 ΙΙ
640 1785 715 1817 post
739 1781 912 1819 designabo
931 1780 959 1819 f
980 1781 1076 1809 rubro
1103 1781 1191 1809 addit

191 1826 293 1863 prima
317 1826 387 1854 finis
412 1825 521 1863 ytalie,
548 1836 577 1855 m
603 1826 693 1855 addit
716 1827 872 1857 ITALIA.
947 1830 963 1856 4
991 1828 1101 1864 Italia]
1126 1828 1191 1857 Ra-

192 1882 279 1901 venn.
298 1872 366 1901 292
393 1873 411 1901 4
431 1882 475 1910 sq.
586 1874 606 1902 4
642 1873 744 1911 ytalia
768 1884 795 1903 r.
905 1876 922 1904 5
960 1879 1088 1912 tytanos
1106 1874 1189 1913 fmr.

196 1921 212 1949 6
252 1919 354 1948 ionias
390 1929 449 1948 mr.
500 1920 511 1948 11
560 1920 729 1958 incipiente
768 1920 812 1959 bf.
905 1923 921 1950 7
960 1922 1096 1950 tirenum
1132 1931 1189 1957 mr,

194 1967 382 2005 tyrchenum
420 1967 448 1995 b.
497 1966 508 1995 ΙΙ
555 1967 632 1996 haut
670 1966 715 2005 bf.
824 1969 842 1997 8
880 1969 1044 2006 praedicta
1080 1967 1192 2007 etms.

197 2015 237 2042 10
264 2012 398 2051 ytaliam
424 2023 472 2041 mr*
497 2013 546 2042 hic
571 2018 599 2042 et
625 2013 723 2052 infra.
761 2014 773 2042 ΙΙ
807 2016 951 2044 racianos
969 2014 1002 2053 f.
1078 2016 1116 2044 11
1146 2016 1191 2044 in-

195 2065 242 2090 ter
267 2060 465 2089 Caralitanos
491 2064 521 2090 et
546 2060 672 2090 Italiam
698 2070 755 2090 om.
782 2072 808 2091 r.
900 2064 940 2091 12
979 2062 1191 2099 Carnuntum]

196 2114 227 2136 et
253 2111 439 2136 carnuntum
456 2106 489 2146 f.
591 2109 630 2137 1ss
671 2109 789 2138 adriaci
816 2119 874 2138 mr.
975 2110 1012 2138 18
1052 2110 1142 2138 fonas
1159 2109 1190 2147 f.

199 2155 237 2183 19
278 2156 305 2183 A
333 2164 390 2183 om.
410 2153 443 2193 f.
