1420 2437
150 163 210 718 κῖσῠωρωιῦι-*Ξ

177 758 195 854 <3oe

156 896 174 1613 ιον-*μν-Δμ-*ι-ιι-ιι-ιι-ιι-ιμ

178 895 198 1612 Θῐῦωκῖσὶῦῑνμθῦῐΰν-*Ο

1223 161 1242 173 ρ,

1228 174 1237 194 A

245 274 457 311 caumosa,
486 259 586 301 litus
610 257 773 300 Oceani
795 259 1149 313 spatiosissimum
1171 257 1242 299 de-

245 335 405 370 sertum
425 328 567 369 habet.
629 328 672 368 in
695 342 777 380 qua
798 328 935 382 patria
957 334 1055 368 sunt
1076 336 1241 368 montes

246 398 317 452 qui
356 397 556 438 dicuntur
594 396 825 437 Tuliatodi.
894 397 938 437 in
985 411 1068 450 qua
1106 396 1240 451 patria

244 466 344 507 litus
367 464 531 508 Oceani
554 466 664 506 item
685 465 838 506 fluvius
863 464 952 507 Ger
972 465 1242 506 turbulentus

246 535 390 576 currit.
461 535 580 575 cuius
626 534 865 575 Biboblatis
912 534 1243 589 spatiosissimae

245 604 406 658 patriae
429 603 484 644 ad
506 603 702 655 frontem,
734 603 950 644 immensis
981 619 1081 658 prae
1103 601 1243 643 medio

246 673 417 727 spatiis,
462 678 510 713 ut,
549 671 739 713 dicamus
779 673 879 713 litus
918 673 1045 713 maris
1086 672 1244 727 magni⁷

245 748 335 782 tota
366 742 573 782 Africana
604 742 776 796 ponitur
815 742 932 797 regio
966 748 1006 782 et
1038 739 1245 782 Numidia

246 817 372 863 atque
404 810 666 850 Mauritania
697 808 999 851 Caesariensis.

305 878 497 933 Septima
526 884 573 919 ut
605 878 709 919 hora
730 878 813 920 diei
835 879 1095 920 Mauritania
1117 878 1246 919 ascri-

245 947 361 989 bitur
399 947 570 988 Perosis
610 947 678 988 vel
721 949 859 1003 patria
899 949 1141 990 salinarum.
1202 948 1245 988 in

247 1031 331 1070 qua
360 1016 497 1071 patria
529 1016 682 1057 iterum
714 1018 896 1058 maxima
928 1023 1122 1057 caumata
1154 1031 1244 1057 esse

246 1085 464 1135 videntum
506 1085 549 1125 in
582 1099 666 1138 qua
695 1086 926 1126 maximum
958 1085 1115 1126 deserti
1151 1100 1246 1140 spa-

246 1155 354 1195 tium
394 1160 457 1195 est
498 1160 537 1194 et
571 1160 735 1195 montes
777 1155 850 1207 qui
889 1154 1091 1195 dicuntur
1121 1154 1245 1195 Litri.

246 1230 343 1278 post
374 1229 495 1279 terga
525 1224 687 1278 patriae
718 1223 867 1278 procul
894 1223 1001 1264 infra
1025 1221 1246 1264 Oceanum

247 1299 333 1333 tres
372 1308 551 1348 magnae
583 1292 746 1333 insulae
777 1292 1063 1333 inveniuntur.
1127 1292 1246 1332 cuius

249 1377 273 1402 a
294 1361 432 1401 fronte
456 1361 633 1416 patriae,
655 1361 789 1401 multa
809 1376 909 1415 prae
933 1360 1071 1401 medio
1096 1361 1246 1415 spatia,

248 1429 293 1470 id
314 1436 378 1471 est
393 1430 494 1471 litus
511 1430 638 1471 maris
656 1430 814 1486 magni,
836 1429 1098 1470 Mauritania
1118 1429 1248 1470 ascri-

248 1498 364 1540 bitur
402 1499 654 1554 Tingitana,
696 1514 802 1552 quae
844 1498 1063 1539 confinalis
1105 1498 1247 1539 existit

250 1583 378 1622 supra
399 1568 582 1622 scriptae
605 1567 891 1609 Mauritaniae
915 1566 1219 1609 Caesariensis.

254 1713 268 1740 1
309 1714 493 1740 caumatosa
509 1711 544 1745 A,
573 1712 625 1749 qui
642 1709 731 1749 infra
748 1710 800 1739 III
818 1710 838 1739 5
866 1719 1024 1739 caumosa.
1103 1710 1121 1738 3
1159 1708 1250 1738 nilia-

250 1758 318 1787 todi
343 1758 379 1794 A,
406 1759 458 1796 qui
482 1757 573 1796 infra
597 1758 648 1786 III
671 1758 690 1786 5
717 1757 896 1792 rulliatodi3
923 1756 996 1785 aliis
1022 1758 1130 1795 iynoti.
1157 1756 1168 1784 ll
1195 1765 1251 1793 pa-

251 1805 312 1833 tria
337 1814 396 1833 om.
419 1805 449 1833 B
474 1804 559 1834 editi.
657 1805 674 1833 5
714 1804 946 1842 spaeiosissime
971 1804 1010 1832 B.
1110 1804 1127 1831 8
1167 1803 1250 1831 affri-

251 1860 330 1880 cana
346 1851 412 1885 AB,
439 1850 483 1889 cf.
503 1852 522 1880 8
540 1851 596 1879 13.
661 1852 700 1880 10
728 1851 917 1880 adscribitur
933 1850 961 1878 Β
978 1850 1063 1879 editi.
1128 1850 1166 1878 11
1195 1849 1250 1878 Pe-

250 1898 340 1933 rosis]
358 1897 480 1926 Perorsi
497 1897 612 1933 Plinio,
639 1898 814 1939 Περόρσοι,
837 1896 1015 1926 Ptolemaeo
1033 1906 1108 1935 qens
1126 1896 1252 1925 Maur-e—

253 1945 372 1979 taniae,·
410 1943 499 1982 infra
539 1944 566 1972 V
587 1945 631 1973 28
662 1944 767 1973 Peras.
800 1944 811 1971 Η
840 1943 1026 1979 salinarum]
1062 1942 1113 1981 ‘'f-¹
1139 1943 1189 1971 III
1219 1944 1250 1972 9.

255 1992 294 2020 12
334 1991 448 2020 iterum
479 2000 538 2019 om.
555 1992 592 2019 A.
692 1992 733 2019 14
770 1990 861 2026 Litri]
893 1990 1015 2019 litricus
1039 1990 1078 2026 B,
1105 1989 1252 2019 Lutricus

253 2038 337 2067 editi.
421 2038 460 2066 16
500 2037 632 2073 insulae]
659 2036 703 2076 cf.
722 2037 773 2066 III
795 2038 826 2066 9.
907 2038 946 2066 18
982 2041 1055 2074 post
1071 2037 1179 2075 magni
1196 2037 1252 2065 AB

253 2085 326 2113 editi
351 2084 471 2113 addunt
495 2085 537 2113 in.
564 2085 575 2113 ΙΙ
599 2084 789 2114 adscribitur
813 2084 898 2113 editi.
1017 2084 1059 2113 20
1097 2093 1190 2122 super
1212 2084 1250 2112 B.

253 2132 264 2160 ΙΙ
285 2132 451 2160 cesariensi
475 2132 512 2160 Α.
