1420 2437
121 210 225 232 vao
255 203 269 230 1
278 203 291 230 1
300 203 317 229 O
1138 203 1210 237 537

147 313 162 341 1

145 383 162 411 2

146 452 163 481 3

145 520 166 548 4

146 586 163 616 5

146 656 164 685 6

148 726 163 753 7

146 794 163 822 8

147 862 163 890 9

125 931 164 959 10

125 999 163 1027 11

125 1066 164 1094 12

125 1136 164 1164 13

124 1205 164 1233 14

124 1276 163 1304 15

125 1345 165 1373 16

126 1414 164 1442 17

126 1481 165 1508 18

127 1547 166 1575 19

125 1615 166 1642 20

126 1682 165 1710 21

124 1752 166 1780 22

126 1820 167 1848 23

126 1888 168 1916 24

126 1956 167 1986 25

218 314 341 353 quam
365 298 490 340 modo
512 300 660 341 melius
692 309 862 342 sanctus
885 308 1044 356 martyr
1065 302 1213 342 Achil-

216 368 306 410 leus
337 368 560 409 illuminat.

272 436 421 490 Itaque
454 453 478 478 a
499 438 669 478 civitate
690 439 877 493 praelata
898 438 1115 479 Mesebria
1137 453 1212 493 per

216 519 290 546 ora
320 506 447 547 maris
480 521 612 560 usque
646 506 700 548 ad
730 507 988 548 nominatam
1017 507 1211 548 Larisam

216 572 363 614 urbem
396 575 587 616 Civitates
621 581 719 616 sunt
754 577 1062 631 quinquaginta
1093 577 1213 630 quin-

216 656 297 696 que
329 649 371 683 et
391 644 569 685 miliaria
590 651 886 699 supponuntur
906 645 1019 685 mille
1043 651 1211 686 eentum

215 710 432 752 tredecim.

253 778 347 822 110.
409 781 479 823 Ab
512 782 591 823 hae
622 789 762 823 autem
795 782 943 824 civitas
976 789 1037 823 ost

416 849 650 892 Grannona

413 919 606 961 Phalaris

413 988 680 1030 Pharsalium

413 1057 617 1112 Tapedon

413 1126 686 1181 Thermopila

413 1194 591 1250 Soorpia

412 1263 561 1304 Elaeia

415 1331 600 1374 Cheroni

416 1400 617 1443 Chromia

415 1471 602 1525 Thespia

414 1538 565 1579 Platea

417 1607 573 1648 Pireon

417 1676 611 1728 Athene⁷
655 1675 1002 1731 philosophorum
1043 1685 1084 1717 et
1121 1693 1214 1719 ora-

218 1750 356 1785 torum
378 1744 591 1799 quondam
621 1745 818 1801 genitrix,
848 1746 892 1786 in
921 1760 1003 1799 qua
1025 1745 1213 1788 divinum

220 1813 362 1854 lumen
384 1820 509 1868 atque
531 1814 856 1870 inextinguibile
884 1829 969 1855 non
990 1814 1033 1855 in
1054 1816 1213 1870 templo

219 1882 334 1936 quod.
371 1883 602 1938 prophetae
639 1883 739 1924 olim
777 1898 802 1923 a
831 1882 983 1924 Iasone
1012 1899 1112 1940 rege
1145 1884 1213 1925 dei

218 1951 413 2006 genitrici
443 1966 692 2006 semperque
722 1950 898 2006 virginis
920 1951 1085 1993 Mariae
1115 1967 1214 1993 oon-

264 2063 360 2091 eodex
385 2063 412 2091 b.
807 2061 851 2100 (γ’.
868 2063 945 2092 Rav.
965 2063 1030 2092 374
1058 2064 1100 2092 14
1119 2074 1164 2103 sq.

219 2133 236 2162 5
283 2133 514 2170 quinquaginta
550 2132 704 2170 quinque]
745 2136 816 2160 sunt
853 2134 1077 2172 quinquaqinta,
1115 2139 1187 2164 tres.

220 2180 262 2209 24
300 2181 490 2218 prophetae]
518 2181 624 2216 potius
649 2178 815 2217 propiliae.
