1420 2437
144 157 157 186 Ι
188 158 225 187 15
1191 154 1236 188 35

170 270 181 296 1
236 253 343 294 nalis
376 253 525 309 plagae
557 253 730 308 patrias,
772 267 875 306 quas
908 253 952 293 in
985 251 1238 294 duodecima

167 340 185 367 2
236 322 339 363 hora
370 322 507 363 noctis
539 337 630 362 esse
663 322 1002 376 supputavimus,
1042 322 1236 362 aestimet

167 407 184 435 3
236 406 318 444 quo
367 397 577 440 maneret,
627 396 668 430 et
717 391 778 430 sio
817 390 1016 444 posthinc
1060 396 1235 431 cunctas

166 477 184 503 4
234 459 359 500 horas
392 458 475 500 diei
505 459 703 499 horarum
734 458 871 499 noctis
894 474 968 513 per
991 458 1235 514 designatas

166 544 183 571 5
234 528 438 569 assimilet
467 528 648 582 patrias,
688 534 729 567 et
760 527 1031 582 postmodum
1064 526 1235 569 Christo

166 612 183 640 6
233 596 356 638 nobis
374 597 602 637 auxiliante
620 597 940 651 expositionem,
964 612 1090 650 quam
1109 612 1237 652 supra

166 681 182 709 7
233 666 299 706 vel
330 666 504 706 inferius
537 664 876 720 designavimus,
916 681 1111 706 veracem
1143 681 1235 707 esse

165 750 182 777 8
234 735 428 789 reperiet.
491 750 588 775 nam
622 741 662 774 et
703 735 738 775 si
778 735 929 788 aliquis
971 751 1022 775 ex
1062 741 1236 775 conten-

165 819 182 846 9
233 804 423 844 tionariis
457 802 597 843 dicere
620 803 798 843 voluerit
822 803 937 857 quod
959 804 1079 858 quasi
1103 804 1234 845 totius

142 888 180 916 10
232 872 370 913 noctis
411 872 610 912 horarum
651 872 896 926 supputatio
936 888 1011 927 per
1048 878 1234 913 tantum-

142 957 179 984 11
230 940 356 982 1110ᾶο
387 940 603 996 Europam
634 941 850 981 nominata
882 946 960 993 est,
993 947 1034 982 et
1065 942 1108 982 111
1129 941 1234 982 fluo-

141 1024 179 1051 12
231 1025 299 1051 sas
331 1010 562 1051 maritimas
594 1009 892 1051 inundationes
919 1009 1131 1064 inciderit,
1161 1026 1234 1051 vo—

142 1093 180 1120 13
229 1079 320 1120 lens
353 1078 492 1120 dicere
525 1078 639 1133 quod
668 1086 755 1119 tam
787 1094 943 1134 magna
973 1079 1095 1120 nobis
1119 1079 1234 1121 diota

142 1162 179 1189 14
231 1149 286 1189 sit
317 1148 503 1203 Europa,
535 1147 579 1189 id
611 1154 675 1189 est
704 1148 843 1203 portio
874 1146 998 1200 Iafet,
1031 1148 1233 1202 quemad-

140 1230 178 1258 15
230 1216 404 1258 modum
420 1218 638 1271 utriusque
655 1218 810 1269 fratris,
827 1216 872 1257 id
889 1223 953 1257 est
964 1215 1064 1258 Sem
1082 1216 1232 1270 Cham,

139 1298 178 1325 16
230 1292 272 1326 et
293 1285 408 1340 quod
424 1287 467 1326 in
489 1286 579 1327 sola
594 1286 767 1341 Europa
788 1292 879 1326 tota
900 1301 985 1326 nox
1003 1291 1233 1341 supputata

139 1365 178 1393 17
230 1360 308 1407 est,
341 1355 451 1395 siout
480 1355 524 1395 in
545 1355 738 1409 portione
762 1354 942 1395 duorum
963 1356 1140 1396 fratrum
1167 1361 1232 1395 to-

139 1433 177 1461 18
227 1429 296 1464 tus
319 1429 573 1478 supputatus
597 1430 660 1465 est
682 1423 792 1465 dies:
814 1424 955 1465 nullus
974 1424 1129 1464 etenim
1151 1424 1231 1464 hoc
1271 1451 1275 1453 <

137 1502 177 1530 19
227 1492 469 1545 arbitretur,
492 1493 590 1546 quia
612 1492 780 1547 quando
802 1509 932 1533 verno
955 1499 1002 1534 111
1024 1508 1151 1548 supra
1168 1492 1231 1533 di-

135 1572 176 1600 20
229 1568 344 1602 ctum
377 1568 440 1602 est
470 1568 660 1617 tempore
690 1577 766 1617 per
789 1562 1133 1616 supputationem
1155 1562 1230 1603 ho-

136 1641 174 1668 21
226 1646 367 1671 rarum
389 1631 577 1687 singulas
601 1631 916 1687 designavimus
937 1632 1111 1685 patrias,
1142 1646 1230 1671 ma-

136 1708 176 1736 22
226 1700 337 1740 xime.
369 1706 533 1754 partem
563 1700 760 1755 Europae
802 1701 864 1741 sol
900 1700 1110 1741 transiens
1144 1699 1229 1740 eol-

228 1801 246 1829 2
287 1801 419 1830 extimet
444 1802 480 1830 A.
580 1803 597 1830 3
637 1802 691 1837 sic]
719 1803 744 1831 si
770 1803 798 1830 Β
825 1802 907 1830 editi.
1010 1801 1030 1829 4
1069 1802 1226 1836 horarum]

226 1848 435 1884 horarumque
461 1848 545 1879 editi,
573 1848 584 1876 ΙΙ
611 1851 676 1886 per]
703 1858 777 1886 prae
803 1849 842 1877 Β.
941 1849 958 1877 8
1000 1847 1125 1884 aliquis]
1159 1848 1228 1884 quis

227 1894 310 1922 editi.
386 1896 402 1923 9
444 1895 545 1923 tocius
570 1895 608 1923 Β.
685 1897 724 1923 10
764 1895 953 1932 supputacio
980 1894 1018 1922 Β.
1105 1895 1143 1922 14
1184 1895 1228 1923 ia-

225 1941 291 1969 seth
317 1942 352 1976 A,
379 1941 491 1978 Iaphet
515 1935 602 1970 editi.
713 1943 752 1970 15
786 1946 862 1979 post
888 1941 960 1970 Sem
986 1941 1060 1969 editi
1086 1941 1159 1970 add.
1185 1946 1224 1970 et.

225 1988 237 2016 11
256 1988 358 2016 chaim
383 1988 422 2015 B.
540 1989 579 2016 16
618 1988 648 2016 in
676 1988 759 2024 sola]
796 1987 899 2017 insula
924 1989 990 2016 AB.
1096 1989 1135 2017 17
1177 1989 1225 2024 111]

225 2038 253 2063 ei
279 2035 310 2063 in
335 2035 373 2063 Β.
416 2035 428 2063 Η
471 2035 620 2072 porcione
645 2035 681 2062 B.
801 2036 838 2064 19
878 2044 975 2064 verno
1003 2044 1060 2064 0111.
1087 2035 1116 2063 Β
1142 2035 1225 2063 editi.

226 2083 267 2110 20
307 2085 381 2119 post
412 2082 559 2110 horarum
591 2081 647 2110 AB
678 2081 752 2110 add.
783 2091 848 2119 per.
985 2082 1023 2110 21
1069 2083 1226 2111 maximae

225 2129 322 2166 partis
349 2128 432 2157 editi.

989 2183 1026 2208 8*
