1420 2437
209 210 278 244 216

232 325 253 901 εοοοκισὶυῐωὶωιοὶ-Δ

210 941 248 968 10

209 1012 246 1039 11

209 1080 247 1108 12

208 1149 247 1177 13

207 1217 248 1244 14

208 1287 246 1315 15

207 1356 246 1383 16

1180 213 1225 242 IV
1254 215 1293 243 19

502 309 735 350 Petaviona

500 377 779 419 Vincensimo

500 446 667 503 Ligano

501 514 617 557 Salia

500 585 701 625 Aravona

501 652 690 695 Savaria.

358 721 468 762 Item
500 721 555 763 ad
585 723 708 763 aliam
740 728 902 777 partem
932 722 975 762 in
1006 722 1120 776 ipsas
1152 729 1293 776 partes

300 790 546 831 Pannoniae
579 798 677 832 sunt
710 791 917 842 civitates,
951 805 1000 830 ex
1033 790 1186 844 quibus
1219 790 1294 831 ali-

300 865 479 912 quantas
513 858 736 915 designare
767 860 977 911 volumus⁷
1008 858 1050 899 id
1083 867 1144 900 est

498 927 710 983 Burgenis

498 994 722 1051 Spaneatis

498 1064 705 1106 Ansilena

499 1132 659 1175 Cibalis

499 1200 723 1243 Certisiam

496 1270 685 1312 Lavares

499 1337 738 1381 Cuminion.

300 1535 314 1561 1
344 1533 515 1562 Petavione
546 1534 630 1570 Tab„
669 1534 810 1569 Petovio,
838 1535 970 1563 Patavio
997 1533 1080 1563 aliis.
1154 1535 1172 1563 2
1200 1535 1292 1564 Vico-

297 1581 375 1609 simo
401 1580 485 1616 editi,
517 1580 567 1609 Ad
584 1582 768 1610 uicesimum
792 1581 863 1609 Tah.
954 1582 972 1610 3
998 1581 1128 1618 lingano
1153 1581 1182 1610 B
1207 1582 1289 1617 editi,

296 1627 413 1664 lygano
442 1626 472 1663 C,
510 1627 644 1657 Alicano
670 1631 699 1656 et
722 1627 877 1657 Halicano
904 1629 975 1656 Ant.
1051 1629 1070 1656 4
1108 1627 1193 1657 Salle
1218 1630 1290 1658 Ant.

298 1674 314 1702 5
341 1673 507 1703 Arrabona
525 1678 553 1703 et
569 1674 732 1704 Arrabone
751 1676 834 1710 Ant„
861 1674 1023 1704 Ari-abone
1047 1674 1119 1703 Ta-b.
1189 1676 1206 1704 6
1234 1674 1291 1705 Sa-

293 1721 396 1756 varia]
437 1719 570 1750 Sabaria
606 1721 689 1750 aliis.
782 1723 796 1749 7
840 1721 919 1750 Item
959 1723 998 1750 ad
1035 1721 1131 1751 aliam
1168 1726 1289 1759 partem

294 1788 338 1792 -
356 1768 395 1796 16
423 1768 593 1796 Cuminion
620 1777 678 1796 om.
698 1767 811 1798 Porchv.
888 1770 903 1796 7
939 1770 970 1797 in
987 1769 1072 1806 ipsas
1089 1772 1193 1806 partes
1210 1769 1291 1798 Pan-

292 1814 405 1843 noniae
423 1814 472 1843 hic
489 1824 548 1843 om.
568 1814 663 1843 Gron.
680 1815 710 1844 1.
739 1814 759 1842 2
785 1819 813 1843 et
832 1820 954 1852 ponunt
971 1814 1062 1854 infra
1079 1815 1146 1844 217
1175 1817 1192 1844 1
1215 1820 1289 1853 post

291 1865 424 1898 partem.
463 1861 475 1889 ll
511 1861 542 1890 in
560 1862 629 1899 ipsa
647 1862 806 1899 pannonia
829 1866 933 1899 partes
962 1862 992 1891 C.
1070 1863 1108 1891 10
1135 1863 1289 1900 Burgenis

293 1909 384 1936 etiam
403 1908 476 1937 Tah.
554 1910 592 1937 ll
622 1908 763 1946 Spaneta
788 1910 857 1937 Ant.
886 1909 1011 1938 Hieros.
1040 1910 1086 1946 (ἱη
1103 1919 1161 1947 quo
1179 1908 1244 1938 mil.
1262 1909 1294 1938 X

293 1954 388 1983 distat
400 1954 520 1991 Ulmo),
539 1955 768 1993 Ulmospaneta
786 1955 857 1984 Tab.
936 1957 975 1985 12
1002 1956 1136 1985 anfilena
1151 1956 1180 1985 B
1203 1955 1287 1992 editi,

293 2000 459 2030 Causilena
490 2002 562 2031 Tab.
654 2004 693 2032 13
733 2001 854 2032 cibalis
886 2004 978 2031 etiam
1002 2004 1075 2032 Ant.
1100 2007 1130 2031 et
1152 2002 1287 2038 Hz'eros.,

293 2048 412 2077 cabalis
441 2048 470 2085 C,
509 2046 658 2091 Κιβαλίς
682 2048 765 2078 Ptol.
844 2050 885 2078 14
923 2049 1053 2079 Cirtisia
1075 2050 1158 2085 Ant„
1187 2048 1288 2078 Certis

298 2094 380 2130 Tah„
430 2097 610 2139 Κέρτισσα
642 2095 724 2125 Ptol.
819 2096 858 2125 15
897 2096 1050 2132 Lavares]
1082 2095 1133 2124 Ad
1163 2095 1288 2125 labores

292 2145 379 2176 pont.
406 2151 498 2171 uscae
529 2143 600 2171 Ταῦ.
678 2144 716 2172 16
744 2141 924 2179 Cuminion,
951 2144 983 2171 in
1007 2142 1036 2171 B
1052 2140 1129 2180 fere
1154 2151 1285 2177 erasum,

293 2185 408 2224 leyc'tw·
433 2190 463 2216 in
489 2189 672 2226 apogyrrcplzo
702 2189 851 2224 Leidensi‚
891 2189 1050 2222 cumimon
1079 2187 1108 2217 C.
