1425 2462
573 215 771 237 PRAEFATIO.
1176 213 1216 238 lx

138 311 272 363 „Eine
303 309 380 352 HS
423 309 497 351 des
531 310 814 366 Geographus
847 309 1074 350 Ravennas
1107 310 1215 351 nach

135 385 193 426 H.
225 384 493 441 Herrberger
531 385 620 426 und
651 385 784 426 Zeuss
824 383 1093 424 verkauflich
1132 399 1216 425 von

134 457 280 501 Seiten
302 459 416 500 eines
440 457 601 501 Grafen
621 459 752 515 Luigi
773 458 825 499 de
848 458 1027 514 Angelis
1049 458 1093 499 in
1114 458 1218 500 Fer-

134 549 230 575 rara
247 534 382 589 (Aug.
399 534 574 588 1838)“.
627 532 703 575 sed
734 548 870 588 neque
893 532 1018 574 huius
1041 533 1217 574 notitiae

136 608 380 649 auctoribus
412 608 699 664 interrogatis,
730 622 867 661 neque
888 607 1040 648 litteris
1064 606 1116 647 de
1138 607 1218 648 hac

134 698 179 723 re
208 682 447 723 Ferrariam
478 683 618 724 missis
650 681 885 736 quidquam
914 682 1187 736 profecimus.

192 757 347 798 Paucis
379 756 606 798 dicendum
642 762 707 797 est
746 755 798 796 de
839 754 985 797 codice
1015 755 1219 797 Leidensi

135 830 188 872 ab
218 830 465 872 Abrahamo
488 829 706 872 Gronovio
737 846 847 872 anno
884 831 995 874 1722
1026 830 1069 870 in
1101 830 1219 870 auxi-

134 906 238 946 lium
258 911 424 946 vocato.
482 905 607 946 huius
640 905 800 947 codicis
821 903 1076 960 inspiciendi
1098 903 1220 959 copia

135 979 257 1021 nobis
296 980 410 1020 facta
456 985 519 1021 est
562 979 827 1035 benignitate
865 978 1043 1035 Georgii
1078 978 1218 1019 Pertz.

135 1054 364 1109 inscriptus
407 1059 471 1095 est
511 1054 604 1105 „Ex
634 1053 903 1095 Bibliotheca
932 1053 1028 1095 Viri
1057 1051 1218 1093 Illustr.

134 1128 275 1169 Isaaci
295 1127 441 1169 Vossii
472 1126 598 1170 2OS.“
633 1134 698 1169 est
730 1128 992 1180 chartaceus,
1022 1127 1219 1168 foliorum

137 1203 206 1255 76,
238 1218 262 1243 a
294 1202 456 1243 recenti
486 1217 613 1242 manu
645 1203 814 1244 saeculo
844 1216 921 1244 xvu
953 1202 1055 1244 satis
1086 1200 1219 1242 nitide

137 1276 417 1331 conscriptus.
494 1291 618 1330 quem
667 1291 763 1317 cum
800 1277 983 1332 primum
1022 1282 1219 1317 excutere

134 1351 384 1405 incepimus,
415 1350 607 1391 nonnihil
636 1351 854 1406 proprium
886 1351 923 1391 ei
953 1351 1092 1392 inesse
1123 1364 1220 1391 cen-

136 1425 320 1477 suimus,
357 1424 615 1479 procedente
655 1431 796 1466 autem
833 1425 977 1467 labore
1019 1425 1221 1481 cognovi-

136 1514 230 1540 mus
263 1514 358 1540 eum
392 1498 549 1540 codicis
572 1500 608 1539 B
629 1514 721 1541 esse
753 1500 1058 1556 apographum.
1106 1497 1221 1553 quod

138 1587 235 1614 cum
264 1573 410 1614 multis
441 1573 547 1615 locis
579 1574 746 1616 auctius
778 1580 889 1616 esset
911 1574 1094 1615 editione
1115 1573 1221 1614 Por-

137 1647 404 1700 cheroniana,
435 1663 520 1689 non
550 1649 703 1689 mirum
734 1654 799 1690 est
829 1647 1094 1690 Gronovium
1124 1646 1220 1688 ideo

137 1722 180 1762 in
221 1737 405 1763 errorem
442 1721 687 1775 inductum,
734 1722 926 1764 codicem
963 1739 988 1764 a
1026 1722 1220 1763 Parisino

137 1794 351 1836 diversum
381 1802 565 1837 tractare
597 1796 678 1838 sibi
707 1797 846 1838 visum
878 1811 983 1838 esse.
1044 1797 1220 1837 lacunae

136 1869 248 1910 enim
268 1869 312 1910 in
332 1869 614 1911 Porcheronis
636 1870 819 1912 editione
841 1870 989 1911 obviae
1008 1871 1052 1911 in
1076 1869 1221 1912 codice

136 1943 330 1984 Parisino
353 1958 438 1984 non
460 1950 619 1997 extant,
641 1944 717 1985 sed
736 1944 922 1985 incuriae
937 1944 1220 1986 Porcheronis

136 2016 408 2072 imputandae
440 2023 558 2068 sunt3
591 2032 698 2071 quae
729 2024 870 2059 autem
900 2018 944 2059 in
973 2018 1118 2060 codice
1138 2017 1222 2060 Pa-

137 2091 266 2132 risino
299 2106 343 2132 re
374 2107 474 2132 vera
504 2092 770 2145 omittuntur,
802 2108 852 2133 ea
882 2093 1023 2134 omnia
1052 2093 1096 2134 in
1122 2092 1222 2134 Lei-

140 2165 260 2207 densi
291 2180 459 2220 quoque
490 2166 733 2222 apographo
763 2166 931 2220 desunt,
958 2184 998 2208 v.
1019 2183 1059 2223 g.
1081 2167 1220 2222 9347
