1420 2437
180 197 250 231 374

203 379 220 407 ΚΦ

203 450 223 817 „venene-⁴2

186 932 225 960 10

185 1001 223 1028 11

186 1067 225 1095 12

186 1135 226 1163 13

189 1203 227 1230 14

187 1272 226 1299 15

187 1342 228 1369 16

189 1409 227 1437 17

189 1478 229 1506 18

1170 194 1268 223 V12

468 294 588 336 Pella

468 363 632 405 Beroea

470 430 665 473 Acerdos

469 498 593 541 Bada

471 568 669 609 Anamon

472 636 607 677 Dium

475 703 682 747 Sabation

471 771 625 814 Stenas

472 840 644 882 Turiste

473 909 617 951 Tenus

473 976 645 1019 Lubion

476 1043 711 1101 Olimpium

475 1113 663 1156 Larissa.

337 1181 378 1221 A
420 1196 548 1237 supra
587 1183 746 1238 scripta
776 1183 948 1224 civitate
981 1197 1088 1235 quae
1120 1181 1276 1223 dicitur

277 1249 538 1291 Mesembria
569 1251 682 1293 circa
711 1252 804 1307 ipsa
833 1251 958 1292 litora
988 1250 1115 1292 maris
1138 1265 1273 1305 usque

279 1318 335 1360 ad
376 1319 593 1360 civitatem
631 1334 738 1374 quae
778 1319 936 1361 dicitur
965 1319 1140 1361 Larissa
1176 1326 1275 1361 sunt

280 1388 474 1429 civitates
507 1388 815 1445 quinquaginta
854 1404 938 1430 una
969 1395 1011 1429 et
1041 1395 1274 1444 supputan-

278 1463 348 1498 tur
378 1456 558 1497 miliaria
588 1456 701 1498 mille
735 1463 906 1499 centum
935 1456 1155 1499 tredecim.

282 1566 297 1593 1
338 1563 425 1594 Pella
448 1566 540 1593 etiam
565 1564 632 1592 194
658 1564 715 1593 15.
803 1565 822 1593 2
861 1564 982 1594 Beroea
1006 1566 1098 1594 etiam
1124 1564 1190 1593 194
1218 1565 1272 1600 16,

278 1611 412 1640 borroea
430 1611 467 1646 B,
495 1611 630 1640 Berroea
647 1611 732 1640 editi.
795 1611 813 1640 3
852 1610 994 1641 Acerdos
1011 1612 1103 1640 etiam
1121 1611 1189 1640 194
1218 1611 1272 1648 17,

277 1657 420 1687 archelos
446 1657 481 1686 G.
520 1658 532 1686 ΙΙ
561 1661 637 1695 post
651 1657 792 1687 Acerdos
812 1657 837 1687 G
854 1657 943 1687 addit
960 1657 1074 1688 arulos.
1149 1659 1169 1687 4
1194 1657 1276 1687 Bata

278 1704 345 1734 195
373 1706 405 1733 1.
480 1704 497 1733 5
536 1704 683 1734 Anamon
709 1706 801 1734 etiam
826 1705 894 1734 195
920 1705 951 1734 2.
989 1705 1002 1734 ΙΙ
1030 1708 1106 1742 post
1129 1705 1273 1735 Anamon

279 1751 409 1781 additur
435 1743 640 1781 Imera'195
678 1751 700 1780 3
737 1755 766 1780 et
793 1751 829 1781 G.
927 1753 944 1781 6
983 1751 1098 1781 Diume
1135 1752 1202 1781 195
1242 1751 1274 1781 4.

281 1799 299 1827 7
338 1798 491 1828 sabacion
515 1798 545 1826 B
569 1798 654 1835 editi,
693 1798 856 1828 sabacium
883 1799 919 1836 G,
958 1798 1112 1828 Sabatum
1137 1799 1205 1828 195
1241 1799 1273 1828 5.

281 1846 300 1875 8
341 1844 455 1875 Stenas
481 1846 572 1874 etiam
597 1845 665 1874 195
691 1846 727 1881 6,
765 1854 856 1875 senas
884 1846 919 1875 G.
1019 1846 1036 1875 9
1075 1846 1213 1876 thurista
1238 1845 1273 1881 G,

279 1891 396 1921 Thuris
412 1893 478 1921 195
507 1891 539 1920 7.
597 1893 637 1922 10
658 1893 697 1921 11
725 1892 989 1929 tenos‚lu1nbion
1009 1892 1044 1921 G.
1097 1892 1137 1922 12
1165 1891 1275 1931 Olym·

279 1938 369 1976 pium
394 1939 477 1974 editi,
514 1938 673 1977 Olimpius
699 1939 765 1968 195
794 1938 824 1975 8,
865 1939 997 1978 olipyon
1025 1939 1059 1968 G.
1137 1939 1177 1969 13
1214 1938 1275 1967 La-

279 1986 358 2015 rissa
374 1987 466 2014 etiam
484 1987 556 2014 Ant.
576 1986 659 2022 Tab„
685 1985 782 2015 larisa
794 1986 824 2014 B
841 1990 870 2014 et
887 1986 1024 2022 (additis
1039 1984 1218 2020 nonnullis)
1239 1984 1273 2013 G.

282 2032 324 2060 14
350 2041 445 2070 supra
469 2033 586 2070 scripta
612 2042 670 2062 om.
699 2032 728 2062 G.
804 2033 844 2061 15
879 2033 1056 2062 mesenbria
1079 2033 1116 2067 A,
1143 2035 1274 2061 mesem-

279 2078 349 2108 bria
377 2078 409 2108 C.
447 2078 458 2107 Η
493 2084 565 2108 ante
582 2079 668 2109 circa
683 2080 710 2108 A
733 2078 822 2108 addit
847 2088 926 2116 quae
943 2083 1000 2109 est.
1038 2079 1051 2108 ΙΙ
1084 2079 1192 2108 littora
1210 2077 1273 2108 BC.

282 2125 322 2153 16
363 2135 443 2162 quae
461 2126 577 2155 dieitur
591 2125 734 2162 Larissa]
759 2125 903 2155 larissam
928 2126 957 2154 B
981 2125 1065 2161 editi,
1091 2124 1218 2154 larisam
1238 2124 1273 2154 G.

283 2172 322 2200 17
361 2172 593 2210 quinquaginta
609 2175 688 2208 una]
714 2173 798 2201 ratio
816 2176 947 2208 constat,
975 2180 1019 2200 Lu
1039 2171 1069 2201 C.
1136 2172 1176 2201 18
1203 2171 1275 2200 mil-

279 2216 370 2246 liaria
398 2217 428 2246 C.
478 2219 489 2246 Η
549 2219 718 2254 tredecim]
748 2227 809 2247 xm
835 2217 865 2254 C,
893 2228 949 2247 om.
976 2219 1011 2246 A.
1062 2218 1074 2246 Η
1114 2222 1189 2255 post
1214 2225 1275 2247 tre—
