1420 2437
136 171 163 200 V
190 172 231 201 30
1157 169 1218 201 4¹21

159 838 176 865 20
158 770 176 797 00
159 702 175 729 xl
158 633 174 661 Φ
158 563 174 591 U*
156 494 175 522 ἥδ
158 425 175 453 02
158 355 176 383 ιθ
162 290 174 314 ν-’

138 909 154 1482 ι-Δι-Δι-ιι-ιν-ιι-ιι-ιν-μ

159 907 180 1483 ωλΙΦΟῑῑρωῑῦῡ-*Φ

429 268 688 309 Politrasolis

427 335 645 392 Capriaria

429 407 574 447 Axera

425 474 566 530 Spilas

426 543 683 599 Prophelum

429 611 609 655 Galliac.

284 681 336 724 In
373 680 547 724 Oceano
588 689 728 723 autem
766 680 913 724 Serico
950 681 1099 724 Indiae
1139 682 1223 724 Ba-

229 751 415 792 ctrianae
457 757 497 792 et
530 749 706 806 Caspio,
746 750 790 791 id
830 757 894 792 est
924 766 949 792 a
978 766 1144 792 summa
1174 766 1225 793 ac

228 827 417 862 extrema
446 826 565 875 parte
598 819 940 875 septentrionali,
980 826 1080 862 sunt
1109 821 1225 862 insu-

228 890 292 930 lae
339 888 540 944 Scythiae
586 889 765 930 maiores
819 889 1002 930 minores
1048 905 1224 931 numero

229 958 485 1013 quindecim,
518 973 695 1012 quarum
725 958 896 999 nomina
922 958 1065 999 multis
1087 958 1224 1000 modis

228 1028 430 1084 legimus,
476 1026 576 1068 dum
621 1027 806 1082 peccatis
847 1026 1160 1083 emergentibus
1201 1043 1226 1069 a

228 1095 421 1138 barbaris
455 1102 496 1137 et
527 1096 617 1137 sine
648 1096 742 1151 lege
773 1095 1016 1138 nationibus
1037 1097 1130 1151 ipsa
1151 1096 1226 1138 do-

227 1166 412 1207 minatur
442 1165 578 1220 patria
599 1171 640 1206 et
661 1165 786 1206 variis
814 1165 1033 1207 vocabulis
1056 1165 1226 1208 easdem

228 1234 388 1276 insulas
423 1235 650 1289 appellant7
683 1240 724 1275 et
754 1233 850 1275 ideo
881 1249 1025 1276 earum
1055 1235 1227 1277 nomina

230 1303 474 1358 reliquimus
507 1302 744 1359 designare.

273 1372 344 1416 30.
405 1372 456 1414 In
487 1373 578 1428 ipso
611 1378 752 1413 autem
773 1370 948 1413 Oceano
976 1374 1227 1428 septentrio-

229 1442 315 1483 nali
344 1448 441 1496 post
462 1440 781 1483 Roxolanorum
801 1441 982 1496 patriam
1004 1447 1068 1483 est
1088 1442 1228 1484 insula

235 1598 249 1625 l
277 1595 494 1633 polithrasolis
512 1596 550 1624 Β.
625 1597 643 1625 2
670 1595 819 1634 Capiaria
836 1596 919 1632 editi,
946 1592 1124 1640 Αἰγιδίων
1140 1596 1224 1625 Ptol.

233 1643 250 1672 5
278 1643 466 1681 Perphelum
492 1643 575 1671 editi.
665 1644 682 1672 6
720 1647 792 1680 post
816 1642 939 1672 Galliac
967 1642 990 1673 C
1012 1643 1085 1672 add.
1116 1644 1153 1672 de
1179 1643 1226 1672 di-

231 1690 330 1719 versis
361 1689 472 1719 insulis
503 1690 615 1728 sythye
647 1690 777 1719 minoris
808 1694 838 1719 et
869 1690 996 1719 maioris
1027 1691 1059 1719 in
1089 1699 1225 1720 occeano

233 1737 332 1765 serico
363 1737 448 1765 indie
479 1737 640 1766 bactriane
671 1741 702 1765 et
735 1737 842 1774 caspio
873 1737 906 1766 id
931 1740 978 1766 est
1002 1747 1020 1766 a
1045 1747 1166 1766 summa
1190 1746 1225 1766 ac

233 1787 374 1812 extrema
410 1787 500 1821 parte
537 1783 784 1821 septentrionali.
888 1784 906 1813 8
945 1788 976 1812 et
1006 1784 1138 1821 Caspio]
1175 1784 1226 1812 vel

232 1831 373 1867 caspium
399 1830 456 1858 AB
481 1830 564 1858 editi.
602 1830 614 1859 ΙΙ
649 1840 668 1859 a
692 1840 750 1858 om.
769 1831 826 1858 ΑΒ
852 1831 934 1859 editi.
974 1831 986 1858 Η
1021 1839 1139 1859 summe
1158 1831 1224 1867 AB,

232 1886 371 1906 summae
397 1876 481 1905 editi.
519 1877 531 1905 ΙΙ
565 1879 618 1913 ac]
653 1877 711 1905 hac
737 1876 799 1906 AC.
889 1878 905 1906 9
945 1881 1102 1906 extremae
1127 1878 1226 1915 partis

232 1924 260 1952 Β
286 1923 369 1952 edici.
411 1923 423 1951 11
466 1923 709 1961 septentrionale
734 1925 770 1960 A,
809 1924 1063 1961 septentrionalis
1088 1924 1116 1952 B
1141 1924 1224 1953 editi.

238 1971 276 2000 10
317 1970 409 1999 sithie
435 1970 471 2006 A,
509 1970 610 2008 sythie
635 1969 698 1999 BC.
797 1971 838 1999 14
876 1971 964 2000 varia
987 1970 1144 1999 vocabula
1168 1971 1226 1999 ΑΒ

233 2017 317 2046 editi.
410 2018 448 2046 16
482 2021 556 2054 post
588 2017 750 2054 designare
777 2016 801 2046 C'
822 2017 895 2046 add.
923 2018 960 2046 de
985 2017 1084 2046 insula
1112 2027 1227 2046 scanza

233 2065 266 2093 in
290 2065 358 2102 ipso
391 2072 526 2093 occeano
552 2063 790 2101 septentrionali
822 2068 893 2102 post
922 2064 1146 2094 roxolanorum
1170 2074 1227 2102 pa—

233 2112 326 2140 triam
350 2111 470 2148 posita,
507 2119 566 2148 que
599 2115 630 2139 et
661 2112 793 2149 antiqua
817 2111 924 2150 sythia
949 2121 967 2141 a
991 2111 1134 2150 plurimis
1160 2121 1228 2140 cos·

234 2158 415 2197 mographis
440 2157 564 2187 dicitur.
