1420 2437
98 179 204 202 vao
232 173 250 202 3
1125 173 1192 206 451

119 285 140 862 φωκῑσισιμμωιομ-

96 905 113 1347 μμμ-ιμ-ιι-ιο-Δμ

118 905 138 1348 Φῢὶορῡΰῑὺῠ-*Φ

190 269 369 310 hominis
392 269 463 321 ait,
487 269 626 324 ipsum
648 269 774 311 deum
791 285 932 311 rerum
952 277 1185 312 creatorem

189 337 347 379 dixisse
392 354 502 390 „non
534 344 598 380 est
628 338 809 391 bonum⁷
850 339 1063 380 hominem
1095 355 1187 381 esse

190 407 347 458 squm3
387 408 591 449 faciamus
632 408 670 448 ei
710 407 967 449 adiutorium
1008 408 1184 449 siniile.“

188 492 264 531 per
295 476 408 531 quod
437 476 590 531 probat
611 482 653 518 et
674 476 873 526 ostendit,
906 493 1187 531 unumquem-

190 560 270 600 que
302 546 518 587 hominum
551 546 701 587 ceteris
733 545 974 588 hominibus
1005 546 1123 588 nasci
1146 554 1187 587 et

189 615 249 656 eis
281 614 435 656 debere
466 615 666 655 officium.

231 684 272 727 3.
332 682 462 726 Unde
488 699 566 739 ego
584 682 728 725 Guido
745 683 944 725 inductus
959 700 1036 739 pro
1053 684 1188 725 scien-

187 754 248 794 tia
268 768 362 794 mea
384 759 425 793 et
446 751 605 794 viribus
624 753 753 793 statui
768 753 811 793 in
829 753 1001 794 humani
1018 753 1185 809 generis

188 822 436 863 societatem
458 827 499 862 et
520 821 630 862 vitae
655 823 992 863 communionem
1013 836 1187 876 operum

189 896 231 931 et
262 890 499 932 studiorum
530 906 719 931 meorum
750 890 963 944 quandam
995 891 1185 932 conferre

187 959 439 1014 particulam
469 959 597 1015 longo
631 960 911 1013 conquisitam
941 959 1100 1011 labore,
1139 965 1185 999 ut

189 1044 333 1070 eorum
374 1028 445 1082 qui
493 1027 545 1069 de
592 1028 743 1070 officiis
788 1030 994 1084 scripsere
1034 1027 1185 1069 studiis

190 1096 468 1149 concordans,
494 1112 538 1137 re
556 1097 649 1152 ipsa
666 1104 707 1139 et
724 1099 925 1140 exercitio
943 1103 985 1139 et
1001 1098 1044 1139 in
1065 1113 1185 1153 prae-

188 1167 298 1208 senti
328 1171 370 1207 et
400 1171 563 1208 ceteros
592 1182 686 1208 meo
708 1168 881 1209 incitem
903 1167 1110 1222 exemplo,
1142 1172 1183 1207 et

186 1236 230 1276 in
260 1236 403 1276 futuro
436 1234 490 1276 ad
521 1234 636 1289 quod
655 1235 802 1278 laboro
824 1242 866 1277 et
886 1235 1061 1277 intendo
1084 1250 1183 1276 con-

187 1318 340 1358 sequar
370 1305 615 1358 praemium.

232 1453 353 1482 codices
379 1451 473 1492 bfmr.

190 1525 204 1551 1
244 1523 381 1552 hominis
423 1524 541 1552 evam'd.
581 1525 612 1552 m
650 1524 678 1553 b.
798 1525 818 1553 4
856 1533 1100 1563 unumquenque
1141 1535 1179 1554 m.

188 1569 205 1598 5
245 1570 375 1598 caeteris
412 1580 440 1598 r.
539 1572 556 1599 6
595 1571 655 1606 eis]
694 1572 760 1600 eius
797 1582 826 1600 r.
924 1573 941 1602 7
980 1572 1117 1601 sciencia
1145 1571 1177 1611 s.

186 1618 204 1645 9
243 1617 463 1646 comunionem
492 1616 545 1656 fr.
668 1619 707 1646 12
746 1619 873 1656 scripsit
899 1619 1002 1657 (corr.
1029 1618 1072 1647 αῖ.
1098 1629 1179 1647 mem.

184 1664 395 1700 scripserunt)
421 1674 459 1693 m.
537 1666 576 1694 13
615 1666 771 1694 exercicio
799 1664 832 1704 f
910 1667 949 1694 14
988 1669 1126 1695 caeteros
1151 1676 1176 1694 r.

184 1710 196 1739 ΙΙ
217 1712 302 1746 meo]
328 1711 422 1740 modo
448 1721 505 1739 mr.
583 1713 622 1740 16
661 1713 697 1740 In
724 1711 763 1751 hs
782 1717 952 1750 sequzmtm·
977 1712 1052 1741 haec

212 1790 224 1813 l
300 1780 422 1809 Primus
447 1780 528 1810 liber
554 1782 695 1810 eontinet
718 1782 853 1818 ltaliam,
879 1783 973 1811 urbes
998 1786 1029 1811 et
1053 1784 1180 1820 provin-

209 1836 226 1860 2
254 1827 317 1856 cias
342 1827 445 1864 Italie,
472 1831 504 1856 et
526 1828 702 1857 Romanam
727 1829 902 1858 historiam.

210 1884 226 1907 3
302 1873 463 1903 Secundus
482 1875 519 1903 de
536 1876 641 1913 regnis
657 1875 833 1912 militieque
857 1875 1033 1912 vocabulis,
1061 1877 1098 1905 de
1116 1878 1180 1906 edi—

210 1933 224 1954 4
253 1921 332 1949 ficiis
357 1921 504 1958 publicis,
542 1922 579 1950 de
611 1922 813 1958 habitaculis,
852 1923 889 1951 de
915 1923 1048 1960 civibus,
1086 1927 1117 1952 et
1142 1925 1178 1953 de

209 1978 224 2001 5
253 1967 365 1997 anulis.

208 2025 225 2048 6
299 2015 423 2043 Tertius
449 2014 485 2042 de
512 2014 666 2043 divisione
693 2015 787 2051 orbis,
822 2016 858 2044 de
883 2015 969 2051 Asia⁷
998 2017 1034 2045 de
1060 2016 1177 2053 Africa,

207 2071 221 2094 7
252 2062 289 2090 de
307 2061 445 2098 Europa,
472 2061 602 2090 nomina
617 2061 889 2100 philosophorum,
918 2064 954 2092 de
973 2073 1056 2093 mare
1082 2065 1179 2093 medi—

252 2164 265 2191 1
285 2163 450 2197 Ytal‘ams.
522 2164 536 2189 3
556 2165 713 2196 milicieque
726 2163 758 2198 s.
829 2166 844 2191 Β
864 2167 969 2191 tercius
982 2164 1014 2199 f.

915 2204 981 2237 29*
