1420 2437
62 171 88 201 <

88 837 104 864 t:
87 768 105 795 ω
88 698 104 726 «1
87 629 104 656 0:
87 558 104 586 0¹
86 490 106 518 νβ
87 422 104 449 0³
87 351 105 380 N>
89 283 103 311 1-·

65 906 105 934 10

66 975 104 1002 11

65 1043 104 1072 12

64 1113 104 1141 13

64 1181 106 1209 14

65 1252 104 1281 15

65 1321 104 1349 16

119 172 157 200 16
1084 165 1150 199 387

156 266 329 322 impleta
367 272 444 316 est3
485 265 622 320 portio
661 264 857 319 equidem
889 262 1024 307 Cham
1064 271 1151 305 tam

155 336 404 392 longissima
434 335 658 387 evenisset,
690 349 796 388 quae
827 349 934 388 pene
966 334 1151 388 quinque

155 405 199 446 in
231 420 276 447 se
309 403 490 458 aoeipiat
521 403 645 445 horas
671 402 776 453 diei3
809 409 851 444 et
870 403 1045 458 Europa
1064 409 1151 444 tam

156 473 229 515 diu
258 473 507 529 longissima
538 471 867 525 demonstratur,
909 487 1016 526 quae
1048 487 1152 526 qua-

154 549 251 584 tuor
281 542 406 583 horas
430 540 515 582 diei
536 541 692 596 accipit
715 547 756 582 et
776 540 978 596 plurimas
1000 541 1150 582 noctis.

157 611 212 653 ad
243 609 358 665 quod
389 609 617 651 dicendum
655 616 720 652 est
756 610 856 664 quia
886 610 997 651 sicut
1026 610 1153 665 pleri-

156 695 237 734 que
269 679 407 722 saneti
436 684 593 734 patres,
623 679 735 721 inter
765 694 871 733 quos
902 680 983 721 fuit
1005 678 1149 720 dicens

155 748 422 804 Epiphanius
454 753 519 788 ter
549 746 819 789 beatissimus
852 746 985 803 quiri
1015 747 1152 788 arohi-

156 818 381 872 episcopus
411 816 456 857 in
487 831 564 857 suo
596 816 778 871 eloquio7
809 816 925 871 quod
955 817 1151 870 aequales

154 886 371 941 portiones
393 885 469 926 filii
490 884 587 926 Noe
610 892 880 940 aeceperunt,
901 885 946 926 id
968 892 1031 927 est
1053 884 1153 927 Sem

155 955 305 996 Asiam
338 968 434 995 cum
465 954 552 996 suis
589 954 753 1006 insulis⁷
794 953 929 996 Cham
961 954 1153 995 Africam

156 1023 284 1065 simili
315 1022 464 1075 modo,
503 1022 656 1078 Iaphet
685 1038 785 1064 vero
815 1023 1032 1079 Europam
1061 1022 1152 1078 pari

156 1093 262 1134 vice.
325 1091 401 1134 sed
432 1091 533 1133 dum
570 1092 664 1147 ipsa
692 1092 800 1133 Asia
829 1092 954 1133 nimis
985 1092 1028 1133 in
1058 1090 1153 1131 lati-

154 1160 361 1213 tudinem,
392 1160 437 1201 id
469 1167 533 1202 est
565 1176 590 1202 a
620 1161 725 1202 mari
756 1176 911 1217 magno
944 1175 1077 1215 usque
1109 1160 1151 1200 in

155 1228 378 1272 Oceanum
410 1220 666 1282 extenditur,
696 1229 792 1271 ideo
823 1230 866 1271 in
898 1245 947 1271 ea
967 1236 1152 1271 tantum-

154 1298 280 1340 modo
319 1304 405 1340 tres
446 1299 568 1353 quasi
605 1299 732 1340 horae
772 1297 856 1339 diei
897 1304 1151 1354 supputatae

155 1374 267 1420 sunt,
298 1367 404 1409 aliae
435 1383 487 1409 ex
517 1374 637 1422 parte
668 1368 796 1409 horae
826 1368 964 1409 noetis
995 1368 1039 1408 in
1059 1368 1153 1422 ipsa

157 1495 172 1522 1
204 1493 312 1532 porcio
338 1492 402 1523 BC.
441 1494 452 1523 Η
488 1494 650 1531 equidem]
678 1493 853 1531 etquidem
871 1494 933 1522 Ac.
1007 1493 1025 1521 2
1053 1494 1149 1530 quael

155 1541 240 1579 quod
267 1539 298 1571 C.
419 1541 436 1569 3
475 1541 612 1579 accipiet
637 1540 721 1570 editi.
771 1540 783 1569 ΙΙ
823 1544 900 1578 post
925 1540 986 1569 (liei
1011 1540 1037 1567 A
1063 1539 1152 1568 addit

154 1588 277 1625 accepit
308 1591 339 1617 et
364 1586 515 1626 plurimas
546 1588 659 1618 noctis.
706 1588 745 1617 ad
777 1588 863 1625 quod
894 1587 1061 1616 dicendum
1093 1590 1149 1622 est,

154 1644 232 1673 quae
256 1644 327 1663 mox
351 1639 530 1664 recurrunt.
604 1636 625 1664 4
663 1637 759 1672 quae]
788 1635 874 1672 quod
902 1634 932 1664 C.
1031 1633 1048 1662 5
1088 1633 1149 1661 diei

154 1682 247 1710 horas
286 1680 317 1711 C.
379 1682 390 1711 ΙΙ
448 1682 572 1720 accepit
609 1680 673 1711 BC.
735 1682 746 1711 Η
805 1686 837 1710 et
866 1681 1018 1719 plurimas
1047 1680 1150 1708 noctis

156 1737 213 1757 om.
242 1727 273 1757 G.
311 1728 323 1757 ΙΙ
358 1729 463 1766 quod]
491 1738 570 1767 quos
596 1729 624 1757 B
650 1729 734 1757 editi.
814 1730 832 1757 7
870 1729 930 1757 fuit
956 1728 1077 1762 dicens]
1105 1727 1151 1754 di-

157 1775 290 1803 cendum
314 1775 371 1803 AB
397 1776 481 1805 edici.
556 1777 575 1805 8
613 1779 684 1804 (mte
709 1775 908 1813 Epiphanius
934 1774 1009 1802 editi
1033 1773 1151 1802 addunt

156 1825 213 1850 est.
250 1820 263 1849 ΙΙ
298 1822 473 1859 epiphanus
499 1822 537 1859 B,
576 1822 774 1860 epyphanius
801 1817 832 1850 C.
870 1821 882 1850 Η
916 1822 978 1856 ter]
1011 1823 1085 1849 tunc
1111 1820 1149 1856 B,

156 1872 224 1897 tum
249 1867 334 1896 editi.
371 1869 384 1897 ΙΙ
419 1869 499 1906 cipri
522 1869 560 1898 B.
660 1870 677 1898 9
709 1872 785 1906 post
809 1876 866 1897 suo
896 1868 954 1896 AB
979 1867 1054 1896 editi
1078 1866 1150 1895 add.

157 1915 210 1944 ait.
249 1914 261 1943 Η
296 1914 438 1952 eloquio]
472 1916 508 1944 de
540 1919 627 1944 terra
659 1916 740 1944 inter
755 1913 847 1952 filios
870 1914 958 1943 Noae
983 1913 1151 1943 distributa

155 1960 353 1999 Epiphanius
384 1964 451 2000 agit
475 1963 625 1991 Ancorat.
657 1971 683 1990 c.
699 1961 764 1990 114
779 1961 869 1990 -116
897 1960 1051 1998 (Operum
1077 1965 1098 1989 t.
1119 1961 1148 1990 2.

150 2008 372 2047 p.116-118
397 2010 536 2045 Petam).
605 2010 645 2038 12
672 2009 813 2047 iamphet
840 2007 870 2037 C.
946 2008 985 2036 12
1015 2008 1054 2037 13
1082 2009 1150 2045 pari

155 2057 241 2092 viee]
268 2056 408 2094 pariuice
433 2057 471 2093 B,
508 2057 626 2094 pariter
651 2055 735 2085 editi.
822 2056 862 2084 13
899 2054 1069 2084 latitudine
1094 2056 1150 2084 AB

157 2103 240 2132 editi.
315 2104 356 2133 14
383 2105 417 2139 a]
444 2104 484 2133 ad
508 2104 537 2132 B
563 2103 646 2133 editi.
683 2103 695 2132 ΙΙ
730 2111 813 2133 mare
831 2111 944 2140 magno
971 2102 1038 2139 AB,
1064 2111 1148 2131 mare

157 2160 304 2189 magnum
330 2151 414 2180 editi.

885 2195 950 2229 25*
