<?xml version="1.0" encoding="UTF-8"?>
<!DOCTYPE html PUBLIC "-//W3C//DTD XHTML 1.0 Transitional//EN"
    "http://www.w3.org/TR/xhtml1/DTD/xhtml1-transitional.dtd">
<html xmlns="http://www.w3.org/1999/xhtml" xml:lang="en" lang="en">
 <head>
  <title>
</title>
<meta http-equiv="Content-Type" content="text/html;charset=utf-8" />
  <meta name='ocr-system' content='tesseract 3.04.00' />
  <meta name='ocr-capabilities' content='ocr_page ocr_carea ocr_par ocr_line ocrx_word'/>
</head>
<body>
  <div class='ocr_page' id='page_1' title='image "./ravennatisanonym00geoguoft/ravennatisanonym00geoguoft_0227.png"; bbox 0 0 1420 2437; ppageno 0'>
   <div class='ocr_carea' id='block_1_1' title="bbox 115 185 1203 220">
    <p class='ocr_par' dir='ltr' id='par_1_1' title="bbox 115 185 1203 220">
     <span class='ocr_line' id='line_1_1' title="bbox 115 185 1203 220; baseline 0.006 -6"><span class='ocrx_word' id='word_1_1' title='bbox 115 186 160 214; x_wconf 83' lang='lat' dir='ltr'><strong>IV</strong></span> <span class='ocrx_word' id='word_1_2' title='bbox 187 187 204 215; x_wconf 85' lang='lat'>9</span> <span class='ocrx_word' id='word_1_3' title='bbox 1137 185 1203 220; x_wconf 85' lang='grc'><strong>197</strong></span> 
     </span>
    </p>
   </div>
   <div class='ocr_carea' id='block_1_2' title="bbox 141 299 162 874">
    <p class='ocr_par' dir='ltr' id='par_1_2' title="bbox 141 299 162 874">
     <span class='ocr_line' id='line_1_2' title="bbox 141 299 162 874; textangle 90"><span class='ocrx_word' id='word_1_4' title='bbox 141 299 162 874; x_wconf 39' lang='grc' dir='ltr'><strong>ΦΦΚΣΦΟἹᾼΨΜῌ</strong></span> 
     </span>
    </p>
   </div>
   <div class='ocr_carea' id='block_1_3' title="bbox 124 910 169 944">
    <p class='ocr_par' dir='ltr' id='par_1_3' title="bbox 124 910 169 944">
     <span class='ocr_line' id='line_1_3' title="bbox 124 910 169 944; baseline -0.022 0"><span class='ocrx_word' id='word_1_5' title='bbox 124 910 169 944; x_wconf 71' lang='lat'><strong>10&#39;</strong></span> 
     </span>
    </p>
   </div>
   <div class='ocr_carea' id='block_1_4' title="bbox 124 1054 166 1220">
    <p class='ocr_par' dir='ltr' id='par_1_4' title="bbox 124 1054 166 1220">
     <span class='ocr_line' id='line_1_4' title="bbox 124 1054 164 1082; baseline 0 0"><span class='ocrx_word' id='word_1_6' title='bbox 124 1054 164 1082; x_wconf 81' lang='lat'><strong>12</strong></span> 
     </span>
     <span class='ocr_line' id='line_1_5' title="bbox 124 1123 164 1151; baseline 0 0"><span class='ocrx_word' id='word_1_7' title='bbox 124 1123 164 1151; x_wconf 87' lang='lat'><strong>13</strong></span> 
     </span>
     <span class='ocr_line' id='line_1_6' title="bbox 125 1192 166 1220; baseline 0 0"><span class='ocrx_word' id='word_1_8' title='bbox 125 1192 166 1220; x_wconf 84' lang='lat'><strong>14</strong></span> 
     </span>
    </p>
   </div>
   <div class='ocr_carea' id='block_1_5' title="bbox 124 1264 164 1293">
    <p class='ocr_par' dir='ltr' id='par_1_5' title="bbox 124 1264 164 1293">
     <span class='ocr_line' id='line_1_7' title="bbox 124 1264 164 1293; baseline 0 0"><span class='ocrx_word' id='word_1_9' title='bbox 124 1264 164 1293; x_wconf 87' lang='lat'><strong>15</strong></span> 
     </span>
    </p>
   </div>
   <div class='ocr_carea' id='block_1_6' title="bbox 413 282 543 325">
    <p class='ocr_par' dir='ltr' id='par_1_6' title="bbox 413 282 543 325">
     <span class='ocr_line' id='line_1_8' title="bbox 413 282 543 325; baseline 0.008 -1"><span class='ocrx_word' id='word_1_10' title='bbox 413 282 543 325; x_wconf 77' lang='lat' dir='ltr'><strong>Ceras</strong></span> 
     </span>
    </p>
   </div>
   <div class='ocr_carea' id='block_1_7' title="bbox 409 353 583 408">
    <p class='ocr_par' dir='ltr' id='par_1_7' title="bbox 409 353 583 408">
     <span class='ocr_line' id='line_1_9' title="bbox 409 353 583 408; baseline 0 -14"><span class='ocrx_word' id='word_1_11' title='bbox 409 353 583 408; x_wconf 83' lang='lat' dir='ltr'>Europa</span> 
     </span>
    </p>
   </div>
   <div class='ocr_carea' id='block_1_8' title="bbox 210 422 1214 1307">
    <p class='ocr_par' dir='ltr' id='par_1_8' title="bbox 210 422 1214 1307">
     <span class='ocr_line' id='line_1_10' title="bbox 410 422 615 464; baseline -0.005 0"><span class='ocrx_word' id='word_1_12' title='bbox 410 422 615 464; x_wconf 76' lang='lat' dir='ltr'>Mediana</span> 
     </span>
     <span class='ocr_line' id='line_1_11' title="bbox 411 491 565 533; baseline 0 0"><span class='ocrx_word' id='word_1_13' title='bbox 411 491 565 533; x_wconf 72' lang='lat' dir='ltr'><strong>Potina</strong></span> 
     </span>
     <span class='ocr_line' id='line_1_12' title="bbox 410 559 585 602; baseline -0.006 0"><span class='ocrx_word' id='word_1_14' title='bbox 410 559 585 602; x_wconf 82' lang='lat' dir='ltr'><strong>Bireum</strong></span> 
     </span>
     <span class='ocr_line' id='line_1_13' title="bbox 412 627 634 682; baseline 0 -12"><span class='ocrx_word' id='word_1_15' title='bbox 412 627 634 682; x_wconf 79' lang='lat' dir='ltr'><strong>Quesium.</strong></span> 
     </span>
     <span class='ocr_line' id='line_1_14' title="bbox 269 699 1208 754; baseline -0.001 -14"><span class='ocrx_word' id='word_1_16' title='bbox 269 699 353 740; x_wconf 85' lang='lat' dir='ltr'><strong>Per</strong></span> <span class='ocrx_word' id='word_1_17' title='bbox 392 713 519 753; x_wconf 82' lang='lat' dir='ltr'><strong>quam</strong></span> <span class='ocrx_word' id='word_1_18' title='bbox 558 699 738 754; x_wconf 72' lang='lat' dir='ltr'><strong>patriam</strong></span> <span class='ocrx_word' id='word_1_19' title='bbox 775 699 957 754; x_wconf 81' lang='lat' dir='ltr'><strong>plurima</strong></span> <span class='ocrx_word' id='word_1_20' title='bbox 987 708 1208 739; x_wconf 78' lang='lat' dir='ltr'><strong>transeunt</strong></span> 
     </span>
     <span class='ocr_line' id='line_1_15' title="bbox 210 766 1181 820; baseline 0 -12"><span class='ocrx_word' id='word_1_21' title='bbox 210 767 398 820; x_wconf 75' lang='lat' dir='ltr'><strong>flumina,</strong></span> <span class='ocrx_word' id='word_1_22' title='bbox 428 768 538 809; x_wconf 73' lang='lat' dir='ltr'><strong>inter</strong></span> <span class='ocrx_word' id='word_1_23' title='bbox 570 774 712 810; x_wconf 78' lang='lat' dir='ltr'><strong>cetera</strong></span> <span class='ocrx_word' id='word_1_24' title='bbox 732 768 874 809; x_wconf 81' lang='lat' dir='ltr'><strong>Thiris</strong></span> <span class='ocrx_word' id='word_1_25' title='bbox 908 775 949 808; x_wconf 76' lang='lat' dir='ltr'><strong>et</strong></span> <span class='ocrx_word' id='word_1_26' title='bbox 979 766 1181 809; x_wconf 77' lang='lat' dir='ltr'><strong>Strimon.</strong></span> 
     </span>
     <span class='ocr_line' id='line_1_16' title="bbox 255 836 1211 893; baseline -0.003 -13"><span class='ocrx_word' id='word_1_27' title='bbox 255 836 323 880; x_wconf 82' lang='grc'><strong>10.</strong></span> <span class='ocrx_word' id='word_1_28' title='bbox 384 836 495 878; x_wconf 79' lang='lat' dir='ltr'><strong>Item</strong></span> <span class='ocrx_word' id='word_1_29' title='bbox 524 838 644 878; x_wconf 75' lang='lat' dir='ltr'><strong>iuxta</strong></span> <span class='ocrx_word' id='word_1_30' title='bbox 674 853 789 878; x_wconf 73' lang='lat' dir='ltr'><strong>mare</strong></span> <span class='ocrx_word' id='word_1_31' title='bbox 820 852 1022 893; x_wconf 82' lang='lat' dir='ltr'><strong>magnum</strong></span> <span class='ocrx_word' id='word_1_32' title='bbox 1053 836 1211 878; x_wconf 80' lang='lat' dir='ltr'><strong>adscri-</strong></span> 
     </span>
     <span class='ocr_line' id='line_1_17' title="bbox 211 906 1212 961; baseline 0.001 -15"><span class='ocrx_word' id='word_1_33' title='bbox 211 906 327 947; x_wconf 70' lang='lat' dir='ltr'><strong>bitur</strong></span> <span class='ocrx_word' id='word_1_34' title='bbox 364 907 503 961; x_wconf 82' lang='lat' dir='ltr'><strong>patria</strong></span> <span class='ocrx_word' id='word_1_35' title='bbox 541 921 649 961; x_wconf 80' lang='lat' dir='ltr'><strong>quae</strong></span> <span class='ocrx_word' id='word_1_36' title='bbox 690 906 844 947; x_wconf 79' lang='lat' dir='ltr'><strong>dicitur</strong></span> <span class='ocrx_word' id='word_1_37' title='bbox 878 906 996 947; x_wconf 86' lang='lat' dir='ltr'>Ellas</span> <span class='ocrx_word' id='word_1_38' title='bbox 1028 906 1212 947; x_wconf 78' lang='lat' dir='ltr'>Thessa-</span> 
     </span>
     <span class='ocr_line' id='line_1_18' title="bbox 211 975 1213 1032; baseline 0.001 -17"><span class='ocrx_word' id='word_1_39' title='bbox 211 975 307 1027; x_wconf 73' lang='lat' dir='ltr'>liae,</span> <span class='ocrx_word' id='word_1_40' title='bbox 339 990 446 1029; x_wconf 78' lang='lat' dir='ltr'><strong>quae</strong></span> <span class='ocrx_word' id='word_1_41' title='bbox 480 976 753 1032; x_wconf 80' lang='lat' dir='ltr'><strong>coniungitur</strong></span> <span class='ocrx_word' id='word_1_42' title='bbox 776 990 871 1017; x_wconf 83' lang='lat' dir='ltr'><strong>cum</strong></span> <span class='ocrx_word' id='word_1_43' title='bbox 894 991 1021 1031; x_wconf 81' lang='lat' dir='ltr'><strong>supra</strong></span> <span class='ocrx_word' id='word_1_44' title='bbox 1052 976 1213 1030; x_wconf 77' lang='lat' dir='ltr'><strong>scripta</strong></span> 
     </span>
     <span class='ocr_line' id='line_1_19' title="bbox 212 1043 1212 1099; baseline 0 -14"><span class='ocrx_word' id='word_1_45' title='bbox 212 1043 483 1087; x_wconf 81' lang='lat' dir='ltr'><strong>Macedonia.</strong></span> <span class='ocrx_word' id='word_1_46' title='bbox 546 1059 672 1099; x_wconf 83' lang='lat' dir='ltr'><strong>quam</strong></span> <span class='ocrx_word' id='word_1_47' title='bbox 702 1043 857 1086; x_wconf 82' lang='lat' dir='ltr'>Ellada</span> <span class='ocrx_word' id='word_1_48' title='bbox 895 1059 1024 1099; x_wconf 77' lang='lat' dir='ltr'><strong>supra</strong></span> <span class='ocrx_word' id='word_1_49' title='bbox 1065 1045 1212 1099; x_wconf 79' lang='lat' dir='ltr'><strong>scripti</strong></span> 
     </span>
     <span class='ocr_line' id='line_1_20' title="bbox 213 1112 1213 1168; baseline 0.002 -15"><span class='ocrx_word' id='word_1_50' title='bbox 213 1112 457 1168; x_wconf 84' lang='lat' dir='ltr'>philosophi</span> <span class='ocrx_word' id='word_1_51' title='bbox 494 1115 566 1168; x_wconf 87' lang='lat' dir='ltr'><strong>qui</strong></span> <span class='ocrx_word' id='word_1_52' title='bbox 598 1113 777 1155; x_wconf 80' lang='lat' dir='ltr'>eandem</span> <span class='ocrx_word' id='word_1_53' title='bbox 808 1112 1109 1155; x_wconf 80' lang='lat' dir='ltr'><strong>Macedoniam</strong></span> <span class='ocrx_word' id='word_1_54' title='bbox 1141 1113 1213 1155; x_wconf 80' lang='lat' dir='ltr'><strong>de-</strong></span> 
     </span>
     <span class='ocr_line' id='line_1_21' title="bbox 215 1181 1211 1238; baseline 0.003 -17"><span class='ocrx_word' id='word_1_55' title='bbox 215 1181 492 1236; x_wconf 73' lang='lat' dir='ltr'><strong>scripserunt,</strong></span> <span class='ocrx_word' id='word_1_56' title='bbox 525 1183 586 1224; x_wconf 81' lang='lat' dir='ltr'><strong>Sic</strong></span> <span class='ocrx_word' id='word_1_57' title='bbox 609 1189 650 1224; x_wconf 77' lang='lat' dir='ltr'><strong>et</strong></span> <span class='ocrx_word' id='word_1_58' title='bbox 671 1182 850 1224; x_wconf 81' lang='lat' dir='ltr'>eandem</span> <span class='ocrx_word' id='word_1_59' title='bbox 872 1183 1211 1238; x_wconf 80' lang='lat' dir='ltr'><strong>appellaverunt3</strong></span> 
     </span>
     <span class='ocr_line' id='line_1_22' title="bbox 214 1249 1214 1307; baseline 0.002 -16"><span class='ocrx_word' id='word_1_60' title='bbox 214 1249 290 1291; x_wconf 82' lang='lat' dir='ltr'><strong>sed</strong></span> <span class='ocrx_word' id='word_1_61' title='bbox 312 1266 390 1306; x_wconf 80' lang='lat' dir='ltr'><strong>ego</strong></span> <span class='ocrx_word' id='word_1_62' title='bbox 413 1251 647 1293; x_wconf 76' lang='lat' dir='ltr'><strong>seeundum</strong></span> <span class='ocrx_word' id='word_1_63' title='bbox 663 1252 900 1307; x_wconf 79' lang='lat' dir='ltr'><strong>praefatum</strong></span> <span class='ocrx_word' id='word_1_64' title='bbox 916 1252 1214 1294; x_wconf 77' lang='lat' dir='ltr'><strong>Aristarchum</strong></span> 
     </span>
    </p>
   </div>
   <div class='ocr_carea' id='block_1_9' title="bbox 210 1417 1218 2199">
    <p class='ocr_par' dir='ltr' id='par_1_9' title="bbox 210 1417 1218 2199">
     <span class='ocr_line' id='line_1_23' title="bbox 218 1417 1214 1455; baseline 0.001 -9"><span class='ocrx_word' id='word_1_65' title='bbox 218 1419 233 1446; x_wconf 90' lang='lat'>1</span> <span class='ocrx_word' id='word_1_66' title='bbox 269 1417 365 1448; x_wconf 86' lang='lat' dir='ltr'><strong>Ceras</strong></span> <span class='ocrx_word' id='word_1_67' title='bbox 380 1435 419 1440; x_wconf 86' lang='lat'>—</span> <span class='ocrx_word' id='word_1_68' title='bbox 438 1420 455 1448; x_wconf 89' lang='lat'>6</span> <span class='ocrx_word' id='word_1_69' title='bbox 484 1418 652 1455; x_wconf 82' lang='lat' dir='ltr'><strong>Quesium]</strong></span> <span class='ocrx_word' id='word_1_70' title='bbox 668 1419 774 1455; x_wconf 84' lang='lat' dir='ltr'><strong>„Inito</strong></span> <span class='ocrx_word' id='word_1_71' title='bbox 789 1420 913 1448; x_wconf 78' lang='lat' dir='ltr'><strong>foedere</strong></span> <span class='ocrx_word' id='word_1_72' title='bbox 928 1419 1088 1448; x_wconf 80' lang='lat' dir='ltr'><strong>Romanus</strong></span> <span class='ocrx_word' id='word_1_73' title='bbox 1102 1419 1214 1447; x_wconf 83' lang='lat' dir='ltr'><strong>ductor</strong></span> 
     </span>
     <span class='ocr_line' id='line_1_24' title="bbox 216 1464 1214 1504; baseline 0.001 -11"><span class='ocrx_word' id='word_1_74' title='bbox 216 1474 286 1493; x_wconf 85' lang='lat' dir='ltr'><strong>cum</strong></span> <span class='ocrx_word' id='word_1_75' title='bbox 306 1464 421 1494; x_wconf 84' lang='lat' dir='ltr'><strong>Gothis</strong></span> <span class='ocrx_word' id='word_1_76' title='bbox 446 1465 518 1495; x_wconf 83' lang='lat' dir='ltr'><strong>loca</strong></span> <span class='ocrx_word' id='word_1_77' title='bbox 543 1467 587 1495; x_wconf 79' lang='lat' dir='ltr'><strong>eis</strong></span> <span class='ocrx_word' id='word_1_78' title='bbox 605 1467 667 1496; x_wconf 82' lang='lat' dir='ltr'><strong>iam</strong></span> <span class='ocrx_word' id='word_1_79' title='bbox 685 1470 809 1504; x_wconf 70' lang='lat' dir='ltr'><strong>sponte,</strong></span> <span class='ocrx_word' id='word_1_80' title='bbox 838 1475 917 1504; x_wconf 83' lang='lat' dir='ltr'><strong>quae</strong></span> <span class='ocrx_word' id='word_1_81' title='bbox 938 1466 1123 1502; x_wconf 84' lang='lat' dir='ltr'><strong>incolerent,</strong></span> <span class='ocrx_word' id='word_1_82' title='bbox 1150 1470 1214 1494; x_wconf 81' lang='lat' dir='ltr'><strong>tra-</strong></span> 
     </span>
     <span class='ocr_line' id='line_1_25' title="bbox 216 1512 1215 1551; baseline 0.001 -11"><span class='ocrx_word' id='word_1_83' title='bbox 216 1512 308 1549; x_wconf 87' lang='lat' dir='ltr'><strong>didit,</strong></span> <span class='ocrx_word' id='word_1_84' title='bbox 336 1512 369 1540; x_wconf 85' lang='lat' dir='ltr'><strong>id</strong></span> <span class='ocrx_word' id='word_1_85' title='bbox 394 1517 442 1542; x_wconf 83' lang='lat' dir='ltr'><strong>est</strong></span> <span class='ocrx_word' id='word_1_86' title='bbox 467 1512 668 1551; x_wconf 82' lang='lat' dir='ltr'><strong>Ceropellas,</strong></span> <span class='ocrx_word' id='word_1_87' title='bbox 693 1513 872 1551; x_wconf 85' lang='lat' dir='ltr'><strong>Europam,</strong></span> <span class='ocrx_word' id='word_1_88' title='bbox 898 1513 1097 1549; x_wconf 85' lang='lat' dir='ltr'>Medianam‚</span> <span class='ocrx_word' id='word_1_89' title='bbox 1130 1512 1215 1541; x_wconf 79' lang='lat' dir='ltr'>Peti-</span> 
     </span>
     <span class='ocr_line' id='line_1_26' title="bbox 215 1559 1214 1598; baseline -0.001 -10"><span class='ocrx_word' id='word_1_90' title='bbox 215 1568 299 1595; x_wconf 87' lang='lat' dir='ltr'><strong>nam‚</strong></span> <span class='ocrx_word' id='word_1_91' title='bbox 326 1559 460 1588; x_wconf 88' lang='lat' dir='ltr'><strong>Bereum</strong></span> <span class='ocrx_word' id='word_1_92' title='bbox 485 1564 518 1589; x_wconf 82' lang='lat' dir='ltr'><strong>et</strong></span> <span class='ocrx_word' id='word_1_93' title='bbox 542 1560 606 1589; x_wconf 85' lang='lat' dir='ltr'>alia</span> <span class='ocrx_word' id='word_1_94' title='bbox 632 1570 729 1598; x_wconf 80' lang='lat' dir='ltr'><strong>quae</strong></span> <span class='ocrx_word' id='word_1_95' title='bbox 757 1560 864 1590; x_wconf 90' lang='lat' dir='ltr'><strong>Sium</strong></span> <span class='ocrx_word' id='word_1_96' title='bbox 888 1564 1044 1589; x_wconf 81' lang='lat' dir='ltr'><strong>vocantur</strong></span> <span class='ocrx_word' id='word_1_97' title='bbox 1071 1583 1076 1588; x_wconf 93' lang='lat'>.</span> <span class='ocrx_word' id='word_1_98' title='bbox 1097 1581 1104 1586; x_wconf 95' lang='lat'>.</span> <span class='ocrx_word' id='word_1_99' title='bbox 1124 1581 1130 1588; x_wconf 89' lang='lat'>.</span> <span class='ocrx_word' id='word_1_100' title='bbox 1157 1568 1214 1588; x_wconf 85' lang='lat' dir='ltr'><strong>nec</strong></span> 
     </span>
     <span class='ocr_line' id='line_1_27' title="bbox 217 1606 1187 1644; baseline 0 -10"><span class='ocrx_word' id='word_1_101' title='bbox 217 1606 272 1634; x_wconf 91' lang='lat' dir='ltr'><strong>diu</strong></span> <span class='ocrx_word' id='word_1_102' title='bbox 296 1610 370 1644; x_wconf 83' lang='lat' dir='ltr'><strong>post</strong></span> <span class='ocrx_word' id='word_1_103' title='bbox 393 1607 472 1636; x_wconf 86' lang='lat' dir='ltr'>haec</span> <span class='ocrx_word' id='word_1_104' title='bbox 496 1616 554 1636; x_wconf 77' lang='lat' dir='ltr'><strong>rex</strong></span> <span class='ocrx_word' id='word_1_105' title='bbox 578 1607 772 1636; x_wconf 81' lang='lat' dir='ltr'><strong>Theodemir</strong></span> <span class='ocrx_word' id='word_1_106' title='bbox 800 1608 833 1636; x_wconf 86' lang='lat' dir='ltr'><strong>in</strong></span> <span class='ocrx_word' id='word_1_107' title='bbox 858 1608 988 1636; x_wconf 79' lang='lat' dir='ltr'>civitate</span> <span class='ocrx_word' id='word_1_108' title='bbox 1014 1606 1126 1636; x_wconf 79' lang='lat' dir='ltr'><strong>Cerras</strong></span> <span class='ocrx_word' id='word_1_109' title='bbox 1153 1627 1160 1634; x_wconf 87' lang='lat'><strong>.</strong></span> <span class='ocrx_word' id='word_1_110' title='bbox 1179 1627 1187 1634; x_wconf 90' lang='lat'>.</span> 
     </span>
     <span class='ocr_line' id='line_1_28' title="bbox 217 1653 1213 1683; baseline 0.001 -3"><span class='ocrx_word' id='word_1_111' title='bbox 217 1653 310 1681; x_wconf 86' lang='lat' dir='ltr'><strong>rebus</strong></span> <span class='ocrx_word' id='word_1_112' title='bbox 334 1653 480 1683; x_wconf 81' lang='lat' dir='ltr'><strong>humanis</strong></span> <span class='ocrx_word' id='word_1_113' title='bbox 506 1654 677 1683; x_wconf 62' lang='lat' dir='ltr'><strong>excessit.⁴·&#39;</strong></span> <span class='ocrx_word' id='word_1_114' title='bbox 715 1654 845 1683; x_wconf 80' lang='lat' dir='ltr'><strong>Jordan.</strong></span> <span class='ocrx_word' id='word_1_115' title='bbox 872 1655 909 1683; x_wconf 81' lang='lat' dir='ltr'><strong>de</strong></span> <span class='ocrx_word' id='word_1_116' title='bbox 932 1654 997 1683; x_wconf 77' lang='lat' dir='ltr'><strong>reb.</strong></span> <span class='ocrx_word' id='word_1_117' title='bbox 1025 1654 1091 1682; x_wconf 83' lang='lat' dir='ltr'><em>Get.</em></span> <span class='ocrx_word' id='word_1_118' title='bbox 1118 1653 1213 1681; x_wconf 57' lang='lat'><strong>4:56.</strong></span> 
     </span>
     <span class='ocr_line' id='line_1_29' title="bbox 219 1695 1212 1744; baseline 0 -17"><span class='ocrx_word' id='word_1_119' title='bbox 219 1699 238 1727; x_wconf 83' lang='lat'>2</span> <span class='ocrx_word' id='word_1_120' title='bbox 275 1698 422 1737; x_wconf 89' lang='lat' dir='ltr'><strong>Europa]</strong></span> <span class='ocrx_word' id='word_1_121' title='bbox 448 1695 629 1744; x_wconf 71' lang='grc' dir='ltr'><em>Εὔρωπος</em></span> <span class='ocrx_word' id='word_1_122' title='bbox 650 1697 826 1743; x_wconf 68' lang='grc' dir='ltr'><em>Ἠμαθίας</em></span> <span class='ocrx_word' id='word_1_123' title='bbox 850 1701 936 1730; x_wconf 75' lang='lat' dir='ltr'><em>Ptol.</em></span> <span class='ocrx_word' id='word_1_124' title='bbox 1026 1702 1046 1729; x_wconf 85' lang='lat'>4</span> <span class='ocrx_word' id='word_1_125' title='bbox 1085 1700 1212 1735; x_wconf 86' lang='lat' dir='ltr'>Petina]</span> 
     </span>
     <span class='ocr_line' id='line_1_30' title="bbox 219 1745 1214 1784; baseline 0.001 -11"><span class='ocrx_word' id='word_1_126' title='bbox 219 1754 322 1783; x_wconf 83' lang='lat' dir='ltr'>penna</span> <span class='ocrx_word' id='word_1_127' title='bbox 346 1746 384 1774; x_wconf 85' lang='lat' dir='ltr'><strong>A.</strong></span> <span class='ocrx_word' id='word_1_128' title='bbox 465 1748 483 1777; x_wconf 87' lang='lat'>5</span> <span class='ocrx_word' id='word_1_129' title='bbox 523 1748 668 1784; x_wconf 82' lang='lat' dir='ltr'><strong>Bireum]</strong></span> <span class='ocrx_word' id='word_1_130' title='bbox 695 1749 818 1778; x_wconf 88' lang='lat' dir='ltr'><strong>bircum</strong></span> <span class='ocrx_word' id='word_1_131' title='bbox 844 1747 936 1783; x_wconf 76' lang='lat' dir='ltr'><strong><em>ABG,</em></strong></span> <span class='ocrx_word' id='word_1_132' title='bbox 970 1747 1106 1776; x_wconf 85' lang='lat' dir='ltr'><strong>Bereum</strong></span> <span class='ocrx_word' id='word_1_133' title='bbox 1130 1745 1214 1782; x_wconf 74' lang='lat' dir='ltr'><em>editi,</em></span> 
     </span>
     <span class='ocr_line' id='line_1_31' title="bbox 210 1791 1214 1832; baseline 0 -12"><span class='ocrx_word' id='word_1_134' title='bbox 210 1791 358 1831; x_wconf 78' lang='lat' dir='ltr'><strong>fortasse</strong></span> <span class='ocrx_word' id='word_1_135' title='bbox 383 1793 488 1822; x_wconf 81' lang='lat' dir='ltr'><em>eadem</em></span> <span class='ocrx_word' id='word_1_136' title='bbox 513 1804 591 1832; x_wconf 79' lang='lat' dir='ltr'><strong>quae</strong></span> <span class='ocrx_word' id='word_1_137' title='bbox 617 1795 683 1824; x_wconf 71' lang='lat'><strong>194</strong></span> <span class='ocrx_word' id='word_1_138' title='bbox 710 1796 754 1824; x_wconf 88' lang='grc'><strong>16</strong></span> <span class='ocrx_word' id='word_1_139' title='bbox 780 1795 911 1824; x_wconf 84' lang='lat' dir='ltr'><strong>Beroea.</strong></span> <span class='ocrx_word' id='word_1_140' title='bbox 986 1795 1003 1823; x_wconf 90' lang='lat'>6</span> <span class='ocrx_word' id='word_1_141' title='bbox 1044 1793 1214 1828; x_wconf 76' lang='lat' dir='ltr'><strong>Quesiuml</strong></span> 
     </span>
     <span class='ocr_line' id='line_1_32' title="bbox 220 1838 1218 1879; baseline 0 -12"><span class='ocrx_word' id='word_1_142' title='bbox 220 1839 308 1876; x_wconf 82' lang='lat' dir='ltr'><strong>quesi</strong></span> <span class='ocrx_word' id='word_1_143' title='bbox 337 1838 367 1875; x_wconf 83' lang='lat' dir='ltr'><strong>C,</strong></span> <span class='ocrx_word' id='word_1_144' title='bbox 401 1839 471 1876; x_wconf 71' lang='lat' dir='ltr'>(lsifi</span> <span class='ocrx_word' id='word_1_145' title='bbox 496 1842 532 1874; x_wconf 73' lang='lat' dir='ltr'><strong>A.</strong></span> <span class='ocrx_word' id='word_1_146' title='bbox 571 1842 682 1879; x_wconf 81' lang='lat' dir='ltr'><strong>quesiu</strong></span> <span class='ocrx_word' id='word_1_147' title='bbox 706 1843 732 1871; x_wconf 77' lang='lat' dir='ltr'><strong>it</strong></span> <span class='ocrx_word' id='word_1_148' title='bbox 757 1843 795 1877; x_wconf 87' lang='lat' dir='ltr'><strong>B,</strong></span> <span class='ocrx_word' id='word_1_149' title='bbox 835 1841 975 1876; x_wconf 81' lang='lat' dir='ltr'><strong>Quesiun</strong></span> <span class='ocrx_word' id='word_1_150' title='bbox 1001 1840 1090 1874; x_wconf 69' lang='lat' dir='ltr'><strong><em>edc&#39;tz·,·</em></strong></span> <span class='ocrx_word' id='word_1_151' title='bbox 1127 1838 1218 1868; x_wconf 87' lang='lat' dir='ltr'><strong>Sium</strong></span> 
     </span>
     <span class='ocr_line' id='line_1_33' title="bbox 218 1884 1218 1924; baseline 0 -10"><span class='ocrx_word' id='word_1_152' title='bbox 218 1885 367 1915; x_wconf 70' lang='lat' dir='ltr'><strong>Iordanis</strong></span> <span class='ocrx_word' id='word_1_153' title='bbox 384 1884 530 1924; x_wconf 79' lang='lat' dir='ltr'><strong>fortasse</strong></span> <span class='ocrx_word' id='word_1_154' title='bbox 556 1892 600 1916; x_wconf 80' lang='lat' dir='ltr'><strong>est</strong></span> <span class='ocrx_word' id='word_1_155' title='bbox 624 1888 722 1917; x_wconf 92' lang='lat' dir='ltr'><strong>Dium</strong></span> <span class='ocrx_word' id='word_1_156' title='bbox 752 1887 898 1917; x_wconf 78' lang='lat' dir='ltr'><strong>Tabulae.</strong></span> <span class='ocrx_word' id='word_1_157' title='bbox 995 1888 1012 1916; x_wconf 88' lang='lat'>8</span> <span class='ocrx_word' id='word_1_158' title='bbox 1051 1886 1157 1915; x_wconf 86' lang='lat' dir='ltr'><strong>Thiris</strong></span> <span class='ocrx_word' id='word_1_159' title='bbox 1187 1891 1218 1914; x_wconf 85' lang='lat' dir='ltr'><strong>et</strong></span> 
     </span>
     <span class='ocr_line' id='line_1_34' title="bbox 221 1932 1218 1971; baseline -0.001 -9"><span class='ocrx_word' id='word_1_160' title='bbox 221 1932 362 1962; x_wconf 84' lang='lat' dir='ltr'><strong>Strimon</strong></span> <span class='ocrx_word' id='word_1_161' title='bbox 388 1932 437 1962; x_wconf 76' lang='lat' dir='ltr'><strong>hic</strong></span> <span class='ocrx_word' id='word_1_162' title='bbox 463 1935 607 1963; x_wconf 70' lang='lat' dir='ltr'><strong>omittunt</strong></span> <span class='ocrx_word' id='word_1_163' title='bbox 632 1933 717 1963; x_wconf 77' lang='lat' dir='ltr'><strong>ABG</strong></span> <span class='ocrx_word' id='word_1_164' title='bbox 739 1935 824 1970; x_wconf 76' lang='lat' dir='ltr'><strong><em>editi,</em></strong></span> <span class='ocrx_word' id='word_1_165' title='bbox 857 1938 886 1962; x_wconf 72' lang='lat' dir='ltr'><strong>et</strong></span> <span class='ocrx_word' id='word_1_166' title='bbox 905 1942 1076 1971; x_wconf 72' lang='lat' dir='ltr'><strong>perperam</strong></span> <span class='ocrx_word' id='word_1_167' title='bbox 1095 1937 1218 1970; x_wconf 71' lang='lat' dir='ltr'><strong>ponunt</strong></span> 
     </span>
     <span class='ocr_line' id='line_1_35' title="bbox 219 1979 1217 2017; baseline 0 -9"><span class='ocrx_word' id='word_1_168' title='bbox 219 1990 247 2008; x_wconf 87' lang='lat' dir='ltr'><strong>v.</strong></span> <span class='ocrx_word' id='word_1_169' title='bbox 264 1980 305 2008; x_wconf 89' lang='lat'><strong>11</strong></span> <span class='ocrx_word' id='word_1_170' title='bbox 327 1984 403 2017; x_wconf 74' lang='lat' dir='ltr'><strong>post</strong></span> <span class='ocrx_word' id='word_1_171' title='bbox 420 1980 612 2010; x_wconf 83' lang='lat' dir='ltr'>Thessaliae.</span> <span class='ocrx_word' id='word_1_172' title='bbox 650 1981 662 2009; x_wconf 83' lang='grc'><strong>1]</strong></span> <span class='ocrx_word' id='word_1_173' title='bbox 697 1981 819 2017; x_wconf 82' lang='lat' dir='ltr'><strong>Thiris}</strong></span> <span class='ocrx_word' id='word_1_174' title='bbox 846 1990 886 2009; x_wconf 83' lang='lat' dir='ltr'><strong>an</strong></span> <span class='ocrx_word' id='word_1_175' title='bbox 911 1980 1033 2009; x_wconf 84' lang='lat' dir='ltr'><strong>Tontus</strong></span> <span class='ocrx_word' id='word_1_176' title='bbox 1059 1980 1089 2008; x_wconf 86' lang='lat' dir='ltr'><strong>fl.</strong></span> <span class='ocrx_word' id='word_1_177' title='bbox 1121 1979 1217 2009; x_wconf 75' lang='lat' dir='ltr'><strong><em>Tab.?</em></strong></span> 
     </span>
     <span class='ocr_line' id='line_1_36' title="bbox 220 2026 1216 2065; baseline 0 -10"><span class='ocrx_word' id='word_1_178' title='bbox 220 2027 232 2056; x_wconf 83' lang='grc' dir='ltr'>Ιὶ</span> <span class='ocrx_word' id='word_1_179' title='bbox 250 2026 401 2065; x_wconf 83' lang='lat' dir='ltr'><strong>Strymon</strong></span> <span class='ocrx_word' id='word_1_180' title='bbox 432 2027 504 2056; x_wconf 76' lang='lat' dir='ltr'><strong><em>Tab.</em></strong></span> <span class='ocrx_word' id='word_1_181' title='bbox 554 2027 566 2056; x_wconf 81' lang='grc' dir='ltr'><strong>ΙΙ</strong></span> <span class='ocrx_word' id='word_1_182' title='bbox 606 2032 683 2065; x_wconf 78' lang='lat' dir='ltr'><strong>post</strong></span> <span class='ocrx_word' id='word_1_183' title='bbox 708 2027 849 2057; x_wconf 86' lang='lat' dir='ltr'><strong>Strimon</strong></span> <span class='ocrx_word' id='word_1_184' title='bbox 877 2026 900 2057; x_wconf 80' lang='lat'><em>0</em></span> <span class='ocrx_word' id='word_1_185' title='bbox 922 2027 995 2056; x_wconf 80' lang='lat' dir='ltr'><strong><em>add.</em></strong></span> <span class='ocrx_word' id='word_1_186' title='bbox 1023 2028 1060 2056; x_wconf 87' lang='lat' dir='ltr'><strong>de</strong></span> <span class='ocrx_word' id='word_1_187' title='bbox 1085 2026 1216 2056; x_wconf 84' lang='lat' dir='ltr'>ellasda.</span> 
     </span>
     <span class='ocr_line' id='line_1_37' title="bbox 223 2072 1216 2104; baseline 0 -2"><span class='ocrx_word' id='word_1_188' title='bbox 223 2075 240 2102; x_wconf 83' lang='grc'>9</span> <span class='ocrx_word' id='word_1_189' title='bbox 279 2074 450 2103; x_wconf 83' lang='lat' dir='ltr'><strong>ascribitur</strong></span> <span class='ocrx_word' id='word_1_190' title='bbox 489 2073 519 2104; x_wconf 81' lang='lat' dir='ltr'><strong>C.</strong></span> <span class='ocrx_word' id='word_1_191' title='bbox 595 2075 635 2104; x_wconf 91' lang='lat'><strong>10</strong></span> <span class='ocrx_word' id='word_1_192' title='bbox 675 2074 796 2104; x_wconf 82' lang='lat' dir='ltr'>ellasda</span> <span class='ocrx_word' id='word_1_193' title='bbox 834 2073 865 2103; x_wconf 90' lang='lat' dir='ltr'><strong>C&#39;.</strong></span> <span class='ocrx_word' id='word_1_194' title='bbox 953 2075 993 2103; x_wconf 83' lang='lat'><strong>12</strong></span> <span class='ocrx_word' id='word_1_195' title='bbox 1027 2073 1146 2103; x_wconf 63' lang='lat' dir='ltr'>ellasdfi</span> <span class='ocrx_word' id='word_1_196' title='bbox 1185 2072 1216 2102; x_wconf 88' lang='lat' dir='ltr'><strong>C.</strong></span> 
     </span>
     <span class='ocr_line' id='line_1_38' title="bbox 225 2120 1218 2160; baseline -0.002 -10"><span class='ocrx_word' id='word_1_197' title='bbox 225 2121 265 2150; x_wconf 87' lang='lat'><strong>13</strong></span> <span class='ocrx_word' id='word_1_198' title='bbox 293 2121 436 2150; x_wconf 87' lang='lat' dir='ltr'><strong>eamdem</strong></span> <span class='ocrx_word' id='word_1_199' title='bbox 462 2121 547 2150; x_wconf 77' lang='lat' dir='ltr'><em>editi.</em></span> <span class='ocrx_word' id='word_1_200' title='bbox 622 2122 663 2150; x_wconf 82' lang='lat'><strong>14</strong></span> <span class='ocrx_word' id='word_1_201' title='bbox 691 2122 736 2150; x_wconf 86' lang='lat' dir='ltr'><strong>sic</strong></span> <span class='ocrx_word' id='word_1_202' title='bbox 753 2121 1051 2160; x_wconf 78' lang='lat' dir='ltr'><strong>—appellaverunt</strong></span> <span class='ocrx_word' id='word_1_203' title='bbox 1076 2130 1134 2149; x_wconf 87' lang='lat' dir='ltr'><strong>om.</strong></span> <span class='ocrx_word' id='word_1_204' title='bbox 1160 2120 1218 2149; x_wconf 85' lang='lat' dir='ltr'><strong>AB</strong></span> 
     </span>
     <span class='ocr_line' id='line_1_39' title="bbox 223 2167 730 2199; baseline 0 -3"><span class='ocrx_word' id='word_1_205' title='bbox 223 2167 306 2197; x_wconf 77' lang='lat' dir='ltr'><em>editi.</em></span> <span class='ocrx_word' id='word_1_206' title='bbox 382 2168 421 2198; x_wconf 89' lang='lat'><strong>15</strong></span> <span class='ocrx_word' id='word_1_207' title='bbox 462 2169 668 2199; x_wconf 84' lang='lat' dir='ltr'><strong>aristrachum</strong></span> <span class='ocrx_word' id='word_1_208' title='bbox 695 2169 730 2197; x_wconf 83' lang='lat' dir='ltr'><strong>A.</strong></span> 
     </span>
    </p>
   </div>
  </div>
 </body>
</html>
