1420 2437
63 188 90 217 v
120 189 161 218 14
1086 183 1156 219 379

352 285 520 339 Apsum

353 350 535 396 Genesis

352 420 631 463 Durachium.

152 568 327 610 Larissa
357 568 471 610 eirca
500 569 593 623 ipsa
622 568 747 610 litora
777 568 904 610 maris
939 583 1073 623 usque
1098 568 1152 610 ad

154 637 369 679 civitatem
391 651 498 691 quae
515 637 756 679 nominatur
771 636 1036 679 Duraohium
1053 643 1152 679 sunt

153 706 348 747 civitates
365 705 588 761 sexaginta
608 721 693 747 una
715 711 756 747 et
771 711 1056 761 supputantur
1076 706 1152 747 mi-

85 782 102 809 8
153 775 273 817 liaria
303 774 416 816 mille
450 773 688 816 duodecim.

85 851 102 877 9
197 843 263 887 14.
324 843 486 885 Iterum
517 843 666 885 civitas
698 843 870 885 Lissum

87 301 99 328 1

85 369 102 396 2

85 438 102 464 3

85 505 103 533 4
216 499 256 540 A
299 514 428 555 supra
459 500 619 556 scripta
655 500 826 541 civitate
858 514 965 554 quae
997 498 1153 541 dicitur

85 574 101 602 5

85 645 102 673 6

85 714 101 741 7

64 920 76 946 1
86 919 102 946 0
354 911 439 955 Soo
445 911 532 954 dris

62 989 76 1016 1
87 989 99 1015 1
351 980 495 1022 Butua

64 1057 102 1085 12
351 1049 609 1091 Deoadoron

63 1127 101 1155 13
350 1118 548 1159 Bioinion

63 1199 76 1226 1
84 1199 103 1226 4
351 1187 589 1242 Epitauron

63 1269 76 1296 1
85 1268 101 1296 5
354 1255 576 1297 Assidium

64 1338 74 1365 1
85 1340 102 1368 6
352 1325 579 1367 Bretorum

158 1476 171 1502 1
206 1473 332 1503 Absura
358 1475 424 1503 206
452 1474 506 1503 14.
582 1475 600 1503 2
634 1473 765 1504 Genesis
790 1474 820 1504 fl.
852 1475 924 1504 Tab.
1001 1477 1018 1504 3
1051 1476 1153 1505 Dura-

154 1521 260 1550 chium
285 1522 377 1550 etiam
402 1519 492 1560 infra
517 1525 546 1550 et
573 1521 638 1550 206
665 1521 719 1558 15,
754 1521 951 1560 Dyrachium
976 1522 1061 1559 editi,
1088 1523 1153 1561 epi-

154 1568 270 1597 daurus
306 1577 386 1605 quae
424 1577 508 1597 nunc
546 1568 723 1597 dirachium
761 1568 906 1605 (additis
942 1568 1072 1605 multis)
1116 1569 1150 1598 G.

156 1615 174 1644 5
200 1614 310 1644 littora
327 1614 391 1644 BC.
443 1616 460 1644 7
487 1615 654 1653 sexaginta
670 1618 743 1652 una]
769 1617 854 1645 ratio
872 1621 1003 1653 constat,
1031 1625 1100 1645 an
1121 1615 1151 1645 C.

153 1662 165 1691 Η
184 1661 334 1691 milliaria
361 1661 392 1691 C.
491 1663 508 1691 8
548 1662 734 1698 duodecim]
767 1671 815 1692 ΧΗ
842 1662 873 1692 G.
923 1663 934 1692 ΙΙ
975 1667 1051 1701 post
1076 1664 1153 1692 duo-

155 1708 257 1737 decim
297 1708 320 1738 C
356 1708 429 1738 add.
468 1709 614 1738 civitates
651 1710 710 1739 iste
747 1712 820 1739 sunt
856 1718 934 1738 Lxx.
1018 1711 1036 1739 9
1076 1710 1153 1738 civi—

154 1758 235 1784 tates
260 1755 318 1783 AB
343 1755 429 1784 editi.
466 1756 477 1784 ΙΙ
513 1756 638 1785 Lissum
669 1757 761 1785 etiam
796 1756 861 1785 206
890 1756 951 1792 17,-
988 1760 1060 1785 ante
1084 1756 1152 1785 Lis-

154 1810 223 1830 sum
257 1801 282 1830 G
313 1801 402 1830 addz‘t
428 1803 578 1839 pistrum‚
615 1807 690 1840 post
714 1802 839 1832 Lissum
874 1803 899 1831 G
925 1803 1015 1832 addit
1048 1804 1151 1832 diode.

158 1849 197 1877 10
224 1848 334 1877 seodre
361 1847 422 1884 AC,
450 1848 571 1878 Scodra
594 1850 678 1886 Ant„
706 1848 824 1879 Scobre
856 1849 940 1886 Tab.⁷
978 1850 1089 1880 eodras
1116 1850 1151 1886 G,

153 1904 235 1923 nunc
261 1893 396 1924 Scutari.
495 1896 534 1924 11
573 1895 681 1924 Butua
717 1897 810 1924 etiam
836 1896 903 1925 208
931 1897 959 1931 6,
986 1897 1091 1926 bittua
1115 1898 1151 1933 A,

154 1942 264 1971 budua
290 1941 325 1970 G.
403 1942 441 1969 12
476 1941 662 1971 Decadaron
689 1941 756 1971 208
784 1942 802 1969 7
828 1946 857 1972 ec
885 1943 919 1972 G.
996 1945 1035 1973 13
1074 1944 1153 1972 bizi-

153 1989 229 2018 nion
254 1987 322 2024 AC,
362 1986 549 2018 Buecinium
582 1989 648 2018 208
676 1990 695 2017 8
721 1993 750 2018 et
777 1990 819 2025 G,
855 1989 910 2018 sed
934 1992 1025 2028 ponit
1056 2000 1154 2028 supra

149 2039 223 2074 post
249 2034 394 2064 Scodras.
471 2035 512 2064 14
549 2039 725 2074 epytauron
743 2035 806 2072 BC,
833 2036 1023 2074 Epitaurum
1049 2037 1081 2067 id
1106 2042 1154 2067 est

153 2082 327 2120 Ragusium
346 2080 413 2110 208
440 2082 494 2119 10,
521 2083 698 2120 epitaurum
715 2083 771 2111 ubi
787 2092 871 2112 nunc
888 2088 936 2114 est
951 2084 1095 2114 ratisium
1116 2085 1151 2114 G.

157 2131 197 2159 15
226 2129 340 2158 Zidion
359 2128 425 2157 208
451 2129 507 2158 12.
575 2130 614 2159 16
633 2131 825 2168 praetorium
846 2130 880 2166 G,
899 2131 1071 2161 bretorium
1085 2131 1152 2165 AC,-

158 2176 246 2206 huius
272 2175 339 2205 loco
366 2175 432 2205 208
459 2176 501 2205 13
534 2176 658 2206 Pardua
683 2177 714 2206 id
740 2181 787 2207 est
812 2176 967 2207 Stamnes.
