1425 2462
535 222 732 243 PRAEFA‘rlo.
1126 221 1179 247 vu

98 318 133 357 B
192 316 326 358 codex
358 316 591 369 Parisinus,
622 316 905 358 bibliothecae
928 318 1027 373 imp.
1050 318 1180 371 4794,

185 391 344 432 saeculi
375 403 441 432 xm
479 391 546 431 vel
585 403 668 443 xlv,
708 391 1080 445 membranaceus,
1117 393 1181 434 fo-

184 465 252 506 liis
290 465 387 506 latis
425 465 601 520 pollices
641 465 778 507 Rhen.
819 467 843 508 7
886 472 927 507 et
965 466 1098 507 lineas
1142 467 1181 519 6,

186 540 282 581 altis
314 539 487 594 pollices
514 539 587 589 113
620 539 800 595 paginae
823 546 922 581 sunt
942 540 1182 595 bipertitae,

186 629 385 655 versuum
402 614 479 664 383
504 614 795 655 columnarum
811 614 992 656 latitudo
1012 621 1076 656 est
1092 616 1183 670 pol-

189 689 320 730 licum
344 689 368 731 2
395 694 436 729 et
452 688 659 729 linearum
678 688 718 739 6,
740 687 920 730 altitudo
937 689 1139 743 pollicum
1156 689 1183 733 8

189 769 231 803 et
260 763 465 803 linearum
498 762 537 804 2.
600 761 737 803 codex
767 763 983 818 eleganter
1013 763 1185 817 quidem

190 837 373 891 scriptus
406 835 481 877 sed
509 836 769 890 compendiis
790 837 1026 878 litterarum
1046 837 1184 879 minus

188 911 438 965 perspicuis,
475 910 630 965 quippe
661 926 746 951 non
778 910 858 951 sibi
891 911 1184 953 constantibus

189 985 383 1026 refertus.
454 1000 550 1025 eum
587 984 765 1036 librum,
805 999 929 1038 quem
970 985 1185 1026 Porchero

190 1059 304 1115 typis
327 1059 550 1114 expressit,
571 1065 619 1100 ut
639 1058 887 1099 Berolinum
907 1059 1084 1101 missum
1104 1060 1185 1114 ipsi

190 1133 328 1174 denuo
360 1140 557 1174 excutere
579 1148 800 1188 possemus
824 1131 1038 1188 Georgius
1059 1133 1185 1174 Pertz

189 1207 392 1249 benevole
425 1207 578 1248 effecit.

108 1283 141 1323 C
195 1281 331 1323 codex
367 1281 618 1323 Basiliensis
657 1281 708 1322 F.
742 1280 796 1321 V.
833 1282 874 1334 6,
922 1280 1185 1333 chartaceus,

191 1356 350 1398 saeculi
370 1369 434 1397 xlv
456 1362 497 1396 et
517 1368 580 1396 xv.
634 1361 801 1396 constat
824 1355 935 1396 foliis
962 1355 1058 1407 137,
1089 1355 1186 1395 latis

191 1431 367 1486 pollices
399 1430 537 1472 Rhen.
572 1431 596 1473 7
629 1435 672 1470 et
702 1429 835 1470 lineas
871 1429 938 1482 10,
970 1429 1066 1470 altis
1096 1428 1187 1483 pol-

190 1505 293 1546 lices
329 1505 383 1548 10
415 1510 457 1546 et
486 1504 619 1546 lineas
651 1504 692 1548 8.

247 1579 298 1620 In
328 1579 466 1634 primo
498 1578 599 1620 folio
631 1578 789 1634 legitur
823 1577 1040 1629 „Titulus,
1073 1576 1187 1618 Tulii

191 1654 333 1708 plures
365 1653 463 1694 libri
485 1668 581 1694 cum
603 1653 711 1704 aliis,
742 1657 914 1692 notatus
938 1663 1068 1692 CLX111.
1115 1650 1189 1691 Li-

192 1727 268 1768 ber
290 1726 440 1769 domus
456 1727 593 1768 Vallis
615 1726 739 1768 beate
760 1725 1006 1781 Margarete
1029 1724 1188 1766 ordinis

194 1799 544 1843 Cartusianorum
580 1802 624 1842 in
663 1800 834 1841 Basilea
873 1799 1025 1839 minori
1065 1797 1189 1840 datus

195 1874 332 1915 eidem
352 1890 428 1929 per
448 1873 701 1915 venerabilis
717 1872 916 1914 memorie
932 1872 1192 1928 Magistrum

194 1948 432 1989 Henricum
461 1948 635 1989 Amiot“
672 1947 759 2001 (vel
790 1946 953 2001 Amici)
994 1947 1064 1999 „in
1094 1946 1191 1988 Me-

194 2022 345 2064 dicinis
376 2022 611 2063 Doctorem
643 2024 752 2062 etc.‘⁴

170 2095 371 2138 Continet
409 2096 587 2152 triginta
622 2095 707 2136 duo
744 2101 952 2136 tractatus
990 2094 1095 2135 varii
1126 2109 1192 2134 ar-

110 2171 315 2227 gumenti,
336 2171 463 2212 variis
485 2169 762 2225 temporibus,
794 2169 961 2211 diversa
981 2169 1024 2209 in
1047 2168 1193 2210 charta
