1420 2437
209 191 278 224 504

233 304 253 880 tooeqmwssfflfflld

214 922 227 949 μ

236 921 253 949 0

213 991 251 1018 11

214 1193 254 1220 12

214 1251 254 1279 13

214 1334 256 1362 14

215 1402 254 1431 15

214 1471 254 1500 16

214 1540 253 1568 17

215 1608 255 1636 18

215 1677 255 1704 19

213 1744 256 1772 20

214 1814 253 1843 21

1119 202 1226 224 vao
1254 195 1293 224 69

304 289 423 342 sima,
472 290 516 330 in
567 304 649 344 qua
699 297 763 331 est¹
814 290 1085 332 excellentior
1130 291 1297 332 urbium

304 356 463 413 Capua.

363 427 676 469 <tertiadecima
695 428 733 470 T
744 445 772 470 u
782 443 801 470 s
815 442 837 469 o
847 429 861 469 i
871 443 895 469 a
925 427 1188 470 nobilissima
1220 434 1296 470 est.

362 494 692 548 Quartadeoima
721 497 765 538 N
777 513 805 538 u
814 513 835 538 r
846 512 864 538 s
876 497 889 538 i
901 513 937 538 a.

362 562 576 616 Quintade
582 566 690 607 eima
709 565 754 607 N
765 582 793 607 u
801 581 843 606 m
854 581 878 607 a
887 582 914 606 n
923 566 963 606 ti
975 581 998 607 a
1008 598 1019 619 7
1050 566 1094 606 in
1123 580 1207 620 qua
1229 579 1298 606 oa-

302 640 380 688 put
412 634 543 675 totius
575 634 722 676 mundi
752 635 986 690 praeminet
1016 634 1116 676 in⁴bs
1148 634 1298 676 Roma.

365 701 664 745 sextadecima
693 704 732 744 E
743 710 759 745 t
770 720 791 745 r
800 720 829 745 u
840 720 861 744 r
871 704 885 745 i
896 719 919 745 a
957 718 1063 757 quae
1096 710 1137 745 et
1167 704 1300 745 Tirsi-

302 770 415 812 nida.

363 839 723 895 Septimadeoima
753 841 797 883 U
807 857 848 882 m
857 841 884 882 b
894 841 937 882 ri
949 856 985 882 a.

363 909 695 952 Ootavadeoima
719 910 822 952 Vin
834 911 875 951 ti
887 910 998 951 mili
1009 925 1033 951 a
1053 909 1154 965 Rip
1166 910 1273 951 ario
1284 934 1302 941 -

303 980 356 1020 lu
366 995 407 1020 m
437 979 476 1020 L
487 980 501 1020 i
512 996 539 1020 11
551 994 572 1020 e
584 995 611 1020 n
622 979 694 1021 sis
708 1011 719 1032 7
751 994 856 1033 quae
889 984 931 1020 et
961 980 1183 1020 maritima.

360 1189 522 1219 INCIPIT
560 1190 688 1219 LIBER
724 1189 1053 1220 DESCRIPTIONIS
1090 1189 1244 1219 TOTIVS

732 1247 875 1277 MARIS.

350 1320 418 1364 69.
470 1320 517 1364 Si
539 1321 736 1363 subtilius
759 1321 866 1362 scire
889 1320 1068 1362 voluerit
1088 1325 1200 1361 totas
1224 1320 1304 1360 cir-

307 1404 571 1444 cumquaque
601 1396 721 1445 parte
751 1405 827 1445 per
846 1390 972 1431 litora
992 1389 1119 1430 maris
1140 1389 1302 1443 positas

305 1458 531 1500 ordinatim
552 1475 679 1500 unam
699 1465 797 1513 post
826 1459 1016 1511 alteram,
1047 1472 1303 1511 quamquam

305 1542 376 1570 eas
406 1528 490 1569 iam
520 1528 563 1568 in
593 1528 775 1582 propriis
805 1528 963 1582 patrias
985 1527 1303 1579 nominaverim,

305 1602 447 1638 tamen
477 1597 681 1638 reiterans
705 1595 877 1638 Christo
908 1596 1077 1637 favente
1099 1595 1303 1636 minutius

307 1665 557 1721 designabo,
587 1665 794 1720 incipiens
827 1665 879 1706 ab
911 1664 1015 1705 urbe

511 1734 716 1775 Ravenna

506 1802 689 1844 Cesarea

306 1916 426 1945 codices
445 1915 484 1955 bf
498 1921 526 1945 et
544 1917 627 1945 Maz.
730 1914 774 1954 ef.
792 1916 868 1944 Rav.
889 1915 955 1944 249
982 1915 1002 1943 3
1016 1925 1060 1953 sq.
1080 1918 1108 1942 et
1126 1913 1192 1942 325
1221 1913 1240 1940 6
1258 1922 1302 1950 sq.

309 1988 322 2015 1
364 1986 520 2015 excelsior
545 1986 572 2015 b.
659 1986 675 2014 5
716 1986 819 2022 capud
845 1985 872 2014 b.
947 1986 964 2013 6
1002 1983 1196 2022 praeeminet
1219 1983 1303 2011 Μαε.

308 2034 325 2061 9
363 2031 539 2071 ymbriaf.
662 2034 701 2062 10
741 2031 897 2069 Riparioli
928 2031 1057 2060 Jordan.
1085 2031 1121 2059 de
1145 2029 1210 2058 reb.
1238 2029 1302 2057 Get.

305 2080 400 2109 c.36.
465 2080 503 2109 11
532 2079 687 2108 Lunensis
713 2079 797 2107 Mae.
836 2080 848 2107 Η
883 2079 1052 2114 maritima]
1088 2077 1137 2106 hic
1163 2076 1305 2104 desinunt

299 2125 326 2163 s
352 2128 435 2155 λίπε.
571 2127 609 2155 13
649 2127 784 2155 mar-ris
824 2126 850 2154 h.
986 2126 1026 2154 14
1065 2122 1108 2162 ⁰f·
1128 2123 1194 2151 452
1222 2124 1238 2150 1
1259 2133 1303 2160 sq.

309 2173 350 2201 ‘20
389 2172 432 2211 cf.
452 2173 516 2202 461
546 2172 588 2201 20
607 2183 651 2211 sq.
