1420 2437
108 175 152 206 IV
177 177 218 206 41
698 211 700 214 ,
1128 178 1197 212 299

127 288 147 870 ιοαοκῑσιωρωωμ

100 910 119 1553 ι’--ιι-ιιυιιώι-ι»--»-ι)-ἰ»-·>-Ᾰ

124 910 144 1553 moequxss—wwp-nQ

401 273 598 315 Vicenna

396 343 548 384 Bicera

397 412 602 453 Dronona

395 480 501 522 Ulta

397 547 610 603 Garruna,
632 565 683 591 ex
700 548 853 604 quibus
877 549 1082 606 aliquanti
1098 552 1194 592 fun—

197 616 355 658 duntur
385 619 428 658 in
461 617 650 660 Oceano.

239 684 306 728 41.
368 686 476 727 Item
508 687 626 729 iuxta
648 687 785 742 ipsam
807 685 1095 729 Gnasconiam
1118 704 1193 743 po-

195 755 309 796 nitur
348 755 486 810 patria
522 770 629 809 qnae
668 756 910 797 nominatur
941 754 1193 812 Spanogna-

196 824 361 874 sconia3
395 839 520 877 quam
550 831 590 865 et
611 825 748 879 ipsam
768 825 829 865 illi
851 825 1096 880 philosophi
1119 826 1191 879 qui

194 891 455 947 praedictam
505 890 795 934 Guasconiam
846 893 1190 950 designaverunt.

194 960 270 1003 sed
315 977 392 1003 nos
440 960 675 1003 secundum
713 963 951 1017 praefatum
989 962 1193 1004 Eldebal-

193 1029 294 1071 dum
311 1031 446 1086 ipsam
463 1029 884 1086 Spanoguasconiam
905 1032 1189 1087 exposuimus.

195 1114 322 1153 quam
358 1098 778 1155 Spanoguasconiam
822 1101 905 1155 ipsi
949 1101 1192 1156 philosophi

193 1169 519 1210 munitissimam
539 1168 720 1224 patriam
741 1183 833 1210 esse
860 1169 1191 1223 affirmaverunt,

194 1237 556 1279 circumvallatam
578 1253 630 1278 ex
650 1236 787 1279 tribus
810 1237 1002 1293 partibus
1019 1238 1190 1293 Alpinis

192 1306 407 1348 montibus
445 1313 487 1347 et
517 1322 542 1348 a
572 1311 722 1360 quarto
753 1307 884 1348 latere
916 1323 941 1348 a
970 1306 1190 1362 praedicto

193 1372 383 1416 Oceano.
435 1376 479 1416 in
500 1390 583 1429 qua
599 1374 978 1431 Spanoguasconia
1000 1375 1191 1429 aliquan-

191 1450 257 1485 tas
297 1444 428 1485 fuisse
467 1444 660 1485 civitates
699 1444 903 1500 legimus,
943 1460 995 1485 ex
1035 1443 1190 1498 quibus

192 1527 242 1553 ex
274 1519 393 1568 parte
426 1512 650 1569 designare
681 1513 892 1566 volumus,
923 1512 968 1553 id
999 1518 1065 1554 est

195 1640 209 1665 1
238 1638 395 1667 vincenna
410 1638 472 1676 AG,
490 1638 636 1676 Vigenna
656 1638 826 1677 Gregorius
844 1639 927 1675 Tur„
953 1638 1043 1667 hodie
1056 1638 1188 1667 Vienne.

192 1684 210 1712 2
237 1684 364 1721 Bicera]
383 1685 472 1714 hodie
485 1685 614 1714 Vezere.
687 1686 705 1714 3
733 1686 841 1715 Drona
857 1685 973 1714 A‘tznal.
991 1685 1188 1714 Lam-issem.

190 1731 282 1760 Perta
307 1732 392 1760 Mon.
419 1733 437 1760 I
457 1732 582 1770 p.146‚
609 1732 773 1761 Dornonia
798 1732 865 1769 alii,
892 1732 982 1761 hodie
1005 1732 1188 1769 Dordogne.

191 1779 210 1806 4
249 1777 341 1814 Ulta]
369 1777 468 1808 Oldus
495 1778 583 1814 aliis,
622 1779 711 1807 hodie
742 1779 772 1807 le
796 1779 869 1808 Lot.
971 1778 988 1807 5
1029 1777 1187 1815 Gai-runa]

190 1825 341 1853 Vauruna
358 1825 442 1861 editi,
469 1825 500 1853 fi.
521 1824 670 1854 Garunna
688 1825 771 1861 Tab„
790 1825 880 1854 hodie
899 1824 1054 1855 Garonne.
1093 1824 1104 1853 ΙΙ
1131 1824 1189 1853 ali-

191 1874 325 1908 quantas
349 1872 392 1907 A,
432 1871 603 1908 aliquantis
628 1872 658 1900 B
689 1871 773 1900 editi.
811 1872 823 1900 ΙΙ
857 1872 996 1900 fundunt
1019 1870 1074 1900 BC
1103 1871 1187 1900 editi.

192 1919 209 1947 6
243 1923 318 1956 post
344 1927 462 1947 oceano
493 1918 522 1946 Β
547 1917 661 1946 litteris
685 1919 809 1946 minutis
843 1918 932 1947 addit
956 1926 1026 1954 xxx,
1068 1917 1091 1948 C
1114 1918 1187 1947 add.

191 1966 228 1994 de
248 1974 347 2003 spano
366 1965 535 1994 wasconia.
612 1966 628 1993 7
657 1965 840 2002 gasconiam
865 1966 891 1993 A
917 1969 945 1994 et
970 1966 1014 1993 sic
1034 1964 1185 2002 deinceps.

192 2013 233 2041 10
274 2012 508 2049 descripserunt
534 2011 765 2048 descripserunt
798 2013 880 2048 (sic)
910 2010 941 2041 C.
1040 2012 1080 2041 13
1117 2015 1188 2049 post

190 2059 374 2096 philosophi
392 2058 445 2088 AC
469 2058 541 2087 add.
567 2057 712 2087 multum.
789 2059 830 2087 14
856 2059 1100 2088 adfirmaverunt
1123 2057 1186 2088 BC.

191 2107 232 2135 18
272 2106 417 2135 civitates
448 2106 542 2135 fuisse
583 2104 613 2134 G.
662 2105 674 2134 ΙΙ
713 2109 787 2142 post
819 2106 932 2143 quibus
964 2105 1039 2135 editi
1069 2106 1188 2135 addunt

189 2152 378 2190 aliquantas.
