1420 2437
98 184 203 208 omno
231 177 272 205 25
1127 177 1194 210 465

122 288 141 793 oeQmUss—mwbd

99 906 116 1622 ῑΦι-ιμ-ιι-μ-Αῦ-ιο-ν-*υ-ιυ-*Η

121 836 142 1622 Θὶὓωκῖσδθῖἥλωιθν-*Φζῖ

193 273 349 328 sculpti
388 279 569 327 utroque
599 273 730 314 latere
770 274 971 330 leguntur
1008 275 1068 316 ita
1097 289 1190 316 Divo

192 354 355 383 TRAlANO
397 356 567 384 SENATVS
605 356 853 389 POPVLVSQVE
900 356 1079 385 ROMANVS
1121 357 1191 385 ΗΟ-

192 424 306 452 Noms
360 425 611 459 leTvrlsQVE
665 424 795 455 CAVSA.
892 412 936 453 in
989 413 1190 455 honorem

192 495 361 534 quoque
384 480 574 522 eiusdem
590 482 779 537 Augusti
800 480 1018 536 praedicta
1041 483 1189 524 civitas

191 548 244 590 de
260 549 447 590 Tirheno
478 566 554 605 per
582 551 835 592 tractionem
865 551 988 592 unius
1020 558 1062 592 et
1082 552 1191 592 mul-

190 618 498 673 tiplicationem
519 620 692 661 alterius
714 617 903 674 syllabae
920 619 1105 660 Traiana
1126 627 1188 662 est

189 693 354 728 vocata.
415 703 529 729 nuno
559 703 727 743 quoque
759 687 925 729 abiecta
955 688 995 728 ia
1026 688 1189 743 syllaba

190 756 356 798 Tranas
389 765 580 811 vocatur,
611 764 658 799 ut
690 756 971 811 descriptores
1003 757 1190 811 philoso-

190 825 261 880 phi
297 826 384 867 suis
415 826 459 867 in
491 827 659 882 scriptis
691 835 897 867 asserunt.

231 893 300 938 24.
361 894 468 937 Post
498 896 608 937 hane
638 895 809 951 ponitur
828 893 971 935 Melfis
1003 910 1109 949 quae
1148 904 1189 937 et

191 963 339 1005 Turris
387 963 555 1006 dicitur.
626 964 780 1006 dehinc
818 961 1042 1004 Natiolum
1080 979 1186 1018 quae

190 1047 304 1074 nunc
323 1032 538 1074 Iunatium
558 1040 749 1084 vocatur7
770 1031 931 1072 dictum
952 1041 1093 1074 autem
1115 1049 1188 1074 an-

190 1101 368 1155 tiquitus
385 1101 666 1154 Iuvenatium⁷
689 1101 810 1155 quasi
825 1099 940 1141 Iovis
957 1102 1185 1157 navigatio.

190 1169 292 1211 dum
323 1171 434 1212 euim
458 1178 620 1227 patrem
641 1169 873 1213 Saturnum
893 1169 937 1209 in
959 1170 1185 1225 gralatium

188 1239 335 1295 fugam
364 1247 614 1282 mercartem
645 1255 669 1281 a
701 1237 831 1280 Creta
864 1237 1044 1279 navibus
1074 1239 1186 1280 inse-

191 1308 357 1362 quitur⁷
394 1310 435 1350 vi
466 1308 730 1364 tempestatis
769 1306 928 1349 ibidem
960 1306 1184 1349 devolutus

190 1377 393 1433 oppidum
422 1378 582 1420 statuit.

235 1446 304 1489 25.
355 1447 523 1487 Dehine·
544 1446 663 1486 iuxta
683 1446 940 1501 paucissimo
961 1446 1183 1486 intervallo

189 1530 265 1570 per
283 1515 383 1556 litus
407 1530 591 1566 emenso⁷
612 1515 886 1556 miliariorum
903 1514 1065 1556 seilicet
1081 1513 1185 1555 duo-

193 1583 344 1635 decim,
376 1589 439 1624 est
471 1581 648 1635 Sibaris,
685 1598 791 1637 quae
821 1598 936 1624 nune
965 1583 1089 1624 Baris
1122 1582 1184 1623 di-

237 1675 356 1704 codices
381 1674 475 1713 ῥίνην.
807 1674 851 1714 cf.
868 1676 946 1703 Bar.
963 1674 1026 1702 261
1058 1674 1074 1702 21
1103 1675 1135 1703 5.

192 1739 208 1766 2
236 1737 359 1766 traiana
377 1737 404 1766 b.
468 1739 485 1766 3
513 1738 632 1766 honore
658 1737 703 1775 bf.
765 1739 782 1766 4
812 1738 969 1775 predictas
987 1737 1132 1765 civitates
1148 1735 1180 1775 f.

191 1784 208 1813 5
236 1784 398 1822 tyrchenio
425 1783 470 1823 bf.
546 1785 563 1813 6
598 1784 742 1820 alterius]
769 1785 861 1813 unius
879 1783 913 1822 f.
951 1785 962 1811 ll
998 1783 1110 1812 sillabe
1128 1782 1181 1821 fr.

189 1832 346 1869 lltrayana
362 1829 395 1869 f.
464 1832 479 1860 7
514 1831 563 1867 ia]
590 1832 654 1860 iam
678 1841 736 1860 mr.
774 1831 786 1860 Η
821 1830 936 1860 sillaba
961 1829 986 1866 f.
1062 1831 1079 1858 8
1106 1830 1183 1859 Tra-

190 1880 262 1914 nas]
289 1880 428 1906 trans.a.
446 1877 479 1916 f.
557 1879 596 1906 10
635 1877 770 1914 melphis
794 1888 852 1906 mr.
930 1878 969 1905 12
1005 1876 1181 1913 lunatium]

189 1924 384 1953 iuvenatium
402 1924 479 1953 bmr.
539 1926 578 1953 13
598 1924 807 1960 Iuvenatium]
826 1922 1014 1961 iuvenacif.
1076 1925 1115 1951 14
1134 1933 1182 1952 sa-

188 1972 328 2001 turnium
353 1970 399 2009 bf.
474 1973 515 2000 14
545 1971 584 2000 15
620 1971 651 1999 in
669 1971 837 2008 gralatium
862 1971 967 2008 fugam
986 1972 1180 2007 mercartem]

180 2017 327 2057 fortasse
350 2018 383 2046 in
407 2017 456 2046 vel
480 2019 562 2047 intra
584 2017 709 2046 Latium
732 2018 906 2055 fugientem
930 2017 977 2046 rel
1002 2017 1108 2054 fugam
1126 2026 1182 2055 pa-

188 2069 309 2095 rantem
333 2063 382 2093 vel
405 2064 560 2094 similiter.
613 2065 652 2093 14
679 2064 851 2102 gralacium
869 2063 902 2103 f.
979 2064 1017 2093 15
1045 2067 1129 2093 eretz-1
1145 2063 1178 2103 f.

192 2114 232 2141 16
258 2113 322 2140 vim
347 2112 375 2140 b.
444 2113 483 2141 17
511 2112 641 2148 opidum
659 2110 691 2149 f.
766 2112 806 2140 19
833 2120 955 2140 emense
974 2121 1031 2139 mr.
1057 2111 1068 2139 Η
1103 2111 1180 2140 duo-

189 2160 307 2195 decim]
332 2167 379 2187 xii
406 2168 461 2187 mr.

916 2214 954 2237 30
