1420 2437
99 291 121 868 {OOEQQCssbF—wbbtd

82 909 122 938 10

84 1047 123 1075 12

83 1117 123 1145 13

82 1185 124 1214 14

84 1256 124 1284 15

85 1325 124 1353 16

86 1394 125 1422 17

1100 174 1165 209 341

367 275 521 316 Burret

368 344 511 400 Buget

367 413 532 455 Rusino

368 482 556 523 Beterris

369 550 575 592 Narbone

372 618 608 662 Combusta

372 689 620 731 Ruscinone

372 758 526 812 Aquae
559 757 721 800 calidae

374 827 616 882 Pyreneum

376 896 572 937 Deciana

372 965 573 1006 Iuncaria

375 1032 585 1076 Cinniana

374 1101 582 1144 Gerunda

376 1172 514 1226 Aquis
546 1172 759 1213 Bocconis

376 1239 554 1283 Colonia
582 1241 770 1282 Buroino

374 1308 591 1352 Seterram

375 1379 642 1420 Praetorium

179 1509 194 1537 1
233 1508 354 1537 Burrea
380 1508 445 1537 245
475 1509 530 1536 11.
606 1508 623 1536 2
663 1507 784 1545 Buget]
811 1507 931 1544 bugeth
958 1506 993 1543 G,
1020 1506 1084 1534 eius
1110 1504 1177 1533 loco

175 1555 279 1585 Abate
298 1555 365 1585 245
391 1555 457 1584 12?
508 1555 526 1583 3
552 1555 673 1583 Rusino
692 1555 785 1583 etiam
803 1554 868 1583 245
896 1553 951 1590 13,
978 1553 1121 1582 rusinum
1141 1552 1177 1580 G.

177 1604 197 1631 4
222 1602 382 1632 Beteroris
400 1602 466 1631 244
494 1602 547 1637 14,
575 1602 688 1630 uterris
715 1601 751 1630 G.
823 1601 840 1630 5
868 1601 1021 1630 Narbona
1039 1599 1105 1628 244
1133 1598 1177 1627 15

177 1653 207 1678 et
237 1648 272 1678 G.
371 1650 388 1678 6
428 1649 604 1679 Combusta
641 1650 733 1677 etiam
753 1649 825 1677 Ant.
925 1649 941 1676 7
979 1647 1179 1681 Ruscinone]

177 1696 368 1734 perurinova
395 1696 436 1733 G⁷
475 1694 519 1734 cf.
554 1695 718 1725 Suscilone
755 1695 822 1724 245
858 1696 888 1723 1.
987 1695 1005 1723 8
1046 1701 1181 1730 aqueea-

177 1742 241 1771 lide
266 1742 335 1779 BG,
372 1742 462 1781 Agae
488 1742 618 1772 Calidae
652 1742 718 1771 245
749 1742 802 1771 14.
865 1742 876 1770 ΙΙ
937 1741 985 1769 hic
1011 1738 1117 1777 differt
1143 1739 1179 1769 G.

180 1791 198 1819 9
237 1789 401 1827 pireneum
421 1789 451 1826 C,
483 1790 533 1818 Ad
551 1789 727 1827 Pyreneum
745 1793 774 1818 et
791 1788 921 1818 Summo
940 1788 1081 1825 Pyreneo
1106 1786 1180 1816 Ant.

181 1837 222 1865 10
264 1835 390 1865 diciana
417 1835 440 1865 G
462 1840 497 1864 ut
522 1835 589 1864 303
616 1836 646 1871 1,
675 1836 804 1865 detiana
820 1836 856 1864 A.
957 1835 997 1863 11
1036 1833 1183 1862 Iuncaria

179 1884 272 1912 etiam
290 1882 358 1911 303
377 1882 407 1919 2,
427 1892 485 1911 om.
503 1883 560 1911 AB
578 1882 660 1911 editi.
715 1883 754 1910 12
783 1881 940 1911 Cinniana
956 1882 1049 1910 etiam
1062 1879 1130 1909 303
1149 1880 1180 1917 3,

180 1931 304 1959 eimana
316 1930 353 1965 A,
381 1929 549 1958 cinianaB
566 1929 651 1957 editi.
703 1929 743 1957 13
771 1928 921 1958 Gerunda
946 1929 1037 1957 etiam
1055 1927 1123 1956 303
1149 1927 1180 1964 4,

180 1976 333 2015 gerundia
360 1976 395 2005 G.
478 1976 519 2005 14
556 1975 657 2012 Aquis
676 1975 818 2005 Vuconis
844 1974 911 2004 303
938 1974 968 2011 5,
1008 1974 1099 2012 aquis
1124 1974 1183 2003 bu-

180 2023 268 2053 conis
296 2022 333 2052 G.
408 2023 449 2052 15
489 2021 616 2051 colonia
632 2022 802 2060 burginum
830 2022 865 2059 G,
893 2021 1029 2052 Colonia
1045 2021 1181 2051 Barcino

181 2070 271 2106 editi,
311 2069 488 2098 Barcelona
520 2069 587 2098 303
616 2071 645 2098 7.
746 2070 785 2099 16
825 2073 923 2099 steras
951 2068 975 2099 C
996 2072 1031 2097 ut
1055 2068 1122 2097 303
1151 2069 1180 2105 6,

181 2121 296 2147 setram
314 2117 350 2153 A,
378 2120 494 2146 seterra
522 2117 557 2145 G.
608 2116 619 2144 ΙΙ
662 2120 737 2154 post
755 2116 861 2146 Steras
888 2115 912 2146 C
934 2115 1006 2145 add.
1032 2119 1179 2145 sextram.

184 2166 224 2194 17
263 2164 461 2193 Praetorium
493 2165 586 2193 etiam
611 2163 678 2193 303
706 2163 735 2192 8.
