1420 2437
172 173 213 204 14

191 286 210 516 ›J—vaxova

191 832 207 859 ‘3
190 764 207 791 00
195 708 202 723 λ
191 697 207 702 1
191 626 208 653 <a
191 557 208 585 U·

168 900 207 927 10

169 968 206 995 11

170 1037 207 1064 12

169 1106 207 1133 13

168 1173 209 1200 14

168 1242 206 1270 15

169 1312 207 1340 1ss

169 1381 207 1408 17

168 1451 207 1478 18

168 1521 207 1547 19

166 1588 207 1616 20

166 1656 205 1683 21

1192 173 1252 202 16

262 269 373 323 quia,
405 275 451 309 ut
481 268 669 323 plerique
690 268 930 323 philosophi
959 268 1252 322 decreverunt,

260 338 363 377 nulli
401 337 559 377 homini
594 337 844 391 permissum
895 344 959 378 est
999 344 1095 392 post
1132 345 1254 394 terga

258 405 419 457 Indiae,
442 420 548 458 quae
565 405 721 446 dicitur
736 405 941 446 Dimiriccv
957 405 1096 457 Evila,
1114 404 1253 446 Ocea-

259 490 360 514 num
376 475 577 529 reperire3
601 473 714 528 quod
736 480 777 514 et
801 474 1025 525 credimus,
1048 474 1147 526 quia
1163 489 1253 514 cer-

258 543 421 583 tissime
460 543 518 583 ita
554 543 708 583 veritas
747 557 837 583 esse
885 542 1110 597 probatur:
1155 557 1253 582 nam

260 611 369 651 sicut
400 612 705 665 praemisimus,
738 612 773 652 si
804 611 955 665 aliquis
978 609 1137 651 eisdem
1161 624 1252 651 cos-

259 680 501 734 mographis
539 680 673 735 magis
712 694 837 732 quam
877 686 1046 720 nostrae
1085 679 1251 733 exposi-

258 748 363 788 tioni
396 747 641 799 crediderit,
682 747 796 801 quod
834 754 978 788 tantus
1011 746 1166 789 Oriens
1198 747 1250 788 ab

257 815 497 857 hominibus
531 815 704 857 Oceano
746 817 1052 871 circumseptus
1088 832 1253 870 peram-

258 885 427 926 buletur
449 891 489 925 et
506 885 751 925 nominatim
769 884 1051 925 describatur:
1075 884 1129 925 ad
1146 900 1251 938 quos

259 954 452 1004 dicimus,
494 968 594 1008 ergo
624 953 698 994 ubi
729 961 792 994 est
823 954 893 994 ille
924 953 1251 994 immortalitatis

259 1023 533 1063 suavissimus
554 1022 790 1076 paradisus,
823 1023 893 1076 qui
915 1023 957 1062 in
981 1029 1129 1063 sancta
1149 1023 1252 1063 seri-

258 1098 382 1146 ptura
419 1090 473 1131 ad
505 1089 723 1131 Orientem
761 1106 852 1131 esse
894 1090 1169 1142 describitur,
1208 1091 1252 1131 111

259 1175 340 1214 quo
373 1166 516 1200 noster
546 1159 832 1213 protoplastus
864 1160 916 1200 ab
940 1174 1077 1214 angue
1101 1174 1251 1200 suasus

257 1229 441 1283 pessimo
472 1228 644 1268 factoris
682 1228 843 1268 iussum
879 1242 1082 1282 spernens
1113 1228 1252 1268 renuit

258 1298 387 1338 vitam
412 1297 592 1349 exulque
615 1296 790 1336 effeetus
813 1311 960 1337 necem
982 1297 1134 1337 meruit
1156 1311 1252 1350 pro-

257 1367 349 1420 prio
383 1364 585 1406 arbitrio?

318 1433 458 1486 Quam
474 1433 527 1473 ob
545 1449 633 1473 rem
657 1448 734 1473 nos
761 1431 970 1473 credimus
996 1432 1110 1486 quod
1134 1439 1250 1473 trans

257 1502 461 1543 Indorum
498 1501 749 1541 Dimiricam
779 1501 922 1541 Evilat
964 1501 1143 1555 patriam
1188 1501 1252 1541 in·-

257 1570 599 1612 transmeabilem
647 1569 698 1610 ab
746 1570 963 1610 hominum
1009 1569 1158 1609 itinere
1197 1568 1251 1609 ad

257 1639 501 1680 orientalem
546 1638 714 1693 plagam
760 1639 850 1692 ipse
896 1636 1118 1692 paradisus
1158 1652 1250 1677 esse

257 1763 275 1790 3
314 1762 470 1790 Damirice
497 1765 524 1789 et
550 1760 659 1798 Scytia
682 1760 842 1798 Dymirice
874 1760 957 1790 Ταῦ..
991 1758 1163 1802 Aisa-921&
1190 1761 1251 1788 Ar-

255 1811 337 1837 rc'mz.
364 1810 375 1836 ΙΙ
403 1807 485 1836 eiula
502 1808 540 1843 B,
566 1807 697 1835 Evilath
717 1806 802 1841 editi,
830 1806 981 1835 Hevilath
1006 1807 1130 1835 Genesis
1148 1806 1168 1834 2
1194 1807 1250 1834 11.

257 1857 274 1885 5
301 1856 415 1892 probat
441 1855 523 1882 editi.
595 1855 613 1883 8
653 1854 748 1890 quod]
768 1862 828 1890 quo
847 1854 912 1881 AB.
940 1854 952 1882 ll
979 1857 1101 1882 tantum
1118 1854 1155 1887 A,
1181 1856 1251 1882 ‘can-

255 1906 319 1931 tam
336 1903 373 1937 B,
401 1906 502 1930 totum
528 1900 611 1929 editi.
636 1900 650 1929 ΙΙ
677 1901 827 1929 orientem
852 1900 917 1928 AB.
1005 1902 1022 1928 9
1062 1900 1250 1936 circumsep-

254 1953 319 1977 tam
334 1950 369 1983 Β,
387 1944 635 1984 circumsc¹ptam
648 1948 684 1983 A,
700 1947 940 1984 circumseptum
954 1947 1038 1975 editi.
1092 1947 1130 1974 11
1156 1947 1250 1974 imor-

255 1995 388 2024 talitatis
406 1996 444 2023 B.
510 1996 550 2023 14
587 1993 824 2031 protoplaustus
848 1995 885 2022 A.
954 1994 992 2022 15
1031 1993 1185 2030 pessimus
1209 1992 1248 2027 Β,

254 2043 387 2079 pessime
419 2042 503 2070 editi.
628 2042 665 2069 18
703 2040 966 2069 trans-Indorum
995 2040 1084 2073 editu
1119 2037 1162 2077 qf.
1187 2038 1206 2066 I
1230 2038 1249 2066 8

254 2098 388 2117 eremum
417 2097 496 2125 quae
521 2091 567 2116 est
591 2091 677 2115 trans
700 2090 799 2115 totam
826 2087 958 2115 Indiam.
1050 2086 1090 2114 19
1130 2085 1250 2113 dimiri-

255 2144 324 2163 cum
338 2136 366 2163 B
381 2135 464 2164 editi.
482 2135 494 2162 ΙΙ
517 2134 614 2162 eiulat
625 2134 664 2162 B.
683 2133 694 2162 ΙΙ
716 2134 819 2171 patria
831 2134 867 2162 A.
919 2134 959 2161 21
986 2131 1193 2162 horientalem
1210 2131 1247 2159 B.
