1420 2437
64 172 105 725 qmwssv³¹0r==<

118 174 137 202 Μ

82 768 99 795 α)

59 904 97 931 10

58 974 94 1000 11

56 1042 97 1070 12

56 1112 95 1140 13

55 1181 95 1209 14

54 1250 92 1278 15

52 1319 91 1347 16

358 270 507 313 Rubra

358 338 556 383 Cornelia

358 407 522 451 Cebula

354 478 554 520 Bulnetia

352 547 497 589 Boron

350 617 517 658 Bexum

350 686 508 727 Turres

349 752 508 796 Stacile

348 823 576 878 Apennina

347 892 419 933 Ad
450 892 662 934 Munialia

346 961 420 1002 Ad
450 961 614 1004 Solaria

346 1030 501 1072 Ricina

347 1099 501 1142 Genua

344 1168 548 1211 Ficolinis

342 1238 453 1279 Asta

342 1306 528 1348 Nabalia

339 1375 455 1417 Alba
483 1376 651 1417 Decilia

146 1458 159 1485 1
199 1457 307 1486 Rubra
343 1459 435 1486 etiam
474 1458 541 1487 269
579 1459 610 1487 5.
723 1458 740 1486 2
779 1457 961 1487 Cornelium
999 1459 1066 1487 269
1105 1462 1135 1489 6.

141 1505 159 1533 3
199 1503 321 1533 Cebula
353 1514 412 1533 om.
441 1504 471 1534 C.
560 1507 579 1534 4
618 1505 768 1534 Bulnetia
798 1507 889 1534 etiam
916 1505 984 1534 269
1011 1506 1040 1543 7,
1078 1508 1136 1536 mi-

140 1551 225 1580 netia
244 1551 300 1579 AB
317 1551 401 1587 editi,
430 1553 575 1581 mummia
601 1552 635 1582 G.
725 1551 741 1580 5
780 1552 886 1581 Boron
911 1555 1003 1582 etiam
1022 1554 1087 1582 269
1116 1555 1135 1583 8

140 1601 170 1625 et
196 1597 236 1633 G,
274 1599 353 1627 horo
390 1599 448 1627 AB
485 1600 569 1628 editi.
667 1601 684 1628 6
723 1599 849 1628 Bexum
886 1601 976 1629 etiam
1008 1601 1075 1629 269
1102 1603 1132 1637 9,

139 1653 249 1673 texum
277 1644 313 1673 G.
404 1647 421 1674 7
459 1646 573 1675 Turres
605 1648 697 1675 etiam
724 1646 791 1675 269
816 1648 870 1675 10.
960 1648 977 1676 8
1017 1647 1134 1677 Stacile

139 1692 231 1719 etiam
249 1692 316 1719 269
344 1693 397 1727 11,
424 1694 538 1722 statine
558 1693 592 1729 G,
619 1693 742 1723 stateile
755 1694 813 1722 AB
830 1694 914 1722 editi.
984 1695 1000 1722 9
1026 1694 1134 1732 Apen-

138 1737 213 1766 nina
239 1740 330 1767 etlam
348 1739 415 1767 269
441 1741 496 1776 12,
533 1741 678 1778 aspinina
702 1741 739 1776 A,
777 1741 942 1778 aspiniana
966 1741 1004 1776 Β,
1041 1741 1133 1779 Alpi-

138 1785 233 1814 niana
258 1785 342 1821 editi,
381 1787 560 1824 appennina
587 1787 622 1816 G.
722 1788 762 1816 10
801 1787 951 1816 amonilia
975 1788 1042 1823 AB,
1081 1789 1130 1818 Ad

137 1831 269 1860 monilia
299 1832 388 1869 editi,
429 1832 480 1861 Ad
509 1833 653 1863 Muniala
684 1834 751 1862 269
784 1834 838 1869 13,
880 1834 1063 1864 ammonilia
1094 1836 1129 1864 G.

141 1879 175 1906 11
219 1879 269 1907 Ad
288 1877 411 1908 Solaria
435 1881 526 1907 etiam
546 1881 610 1909 269
638 1881 680 1909 14
707 1884 736 1908 et
762 1880 798 1916 G,
830 1881 869 1909 ad
887 1880 1037 1910 solarium
1060 1882 1128 1911 AB.

138 1926 177 1953 12
217 1925 330 1955 Ricina
354 1927 446 1954 etiam
464 1926 529 1954 269
557 1927 611 1963 15,
642 1928 759 1956 recima
786 1928 820 1962 G,
853 1927 957 1956 recine
978 1928 1046 1964 AB,
1077 1929 1128 1957 Pi-

135 1973 206 2001 cina
234 1972 329 2001 Gran.
350 1973 380 2001 2.
480 1974 519 2001 13
561 1973 670 2002 Genua
695 1975 787 2002 etiam
813 1974 878 2002 270
905 1975 941 2010 1,
980 1975 1066 2013 gmia
1089 1977 1127 2005 A.

137 2020 178 2047 14
216 2019 321 2048 salinis
350 2020 373 2048 C
395 2024 429 2048 ut
454 2020 518 2048 270
547 2022 577 2055 2,
605 2020 749 2049 flieclinis
774 2021 817 2057 Β,
850 2020 963 2050 ficlinis
991 2022 1016 2050 G
1041 2022 1125 2052 editi.

137 2067 177 2095 15
216 2067 317 2095 Hasta
339 2067 422 2102 Tah„
450 2076 508 2095 om.
537 2066 568 2096 C.
656 2069 696 2096 16
729 2067 867 2096 Nabalia
892 2069 984 2096 etiam
1002 2069 1066 2098 270
1093 2070 1124 2107 3,

134 2113 263 2142 navalia
281 2114 338 2142 AB
357 2114 440 2143 editi.
519 2115 556 2143 17
585 2114 658 2143 alba
670 2114 779 2143 vicilia
791 2115 859 2150 AB,
886 2115 946 2144 aba
960 2116 1074 2146 decilia
1094 2117 1123 2153 C,

135 2160 218 2189 Alba
245 2160 371 2189 Docilia
396 2161 480 2198 editi,
518 2161 589 2190 Aba
615 2161 745 2191 Decelia
770 2161 835 2191 270
863 2162 893 2193 4.

863 2219 902 2242 22
