1420 2437
254 163 322 197 450

282 350 299 377 [ὗ

286 712 293 726 “
283 699 298 709 J
283 628 299 656 C>
281 560 298 588 θ’
282 490 300 518 ἠδ
281 421 298 449 :¹2

283 838 299 865 9

260 905 299 933 10

263 976 298 1002 11

261 1044 300 1071 12

261 1113 300 1140 13

261 1181 301 1208 14

262 1251 300 1279 15

262 1320 300 1348 16

262 1391 300 1418 17

262 1460 301 1487 18

263 1528 301 1555 19

261 1597 302 1624 ‘20

260 1665 299 1693 21

1196 177 1303 200 vao
1330 171 1348 199 2

350 270 391 304 et
435 264 623 318 ipsorum
670 264 1056 306 ecclesiasticorum
1107 265 1345 321 doctorum,

350 347 528 386 quorum
575 334 805 375 sententias
846 340 887 375 et
923 334 1177 377 assertiones
1218 350 1346 377 cano-

349 402 510 442 nizatus
555 417 631 443 nos
673 418 749 457 pro
796 418 960 444 summo
1004 403 1093 444 iure
1139 404 1347 447 tenendas

351 485 586 512 censemus.
648 470 846 512 dixerunt
884 473 995 513 enim
1035 473 1161 513 etiam
1193 474 1348 515 stoico-

350 552 444 580 rum
474 540 731 595 philosophi,
771 542 912 582 omnia
942 540 1021 582 sub
1055 542 1145 583 celo
1175 549 1349 598 propter

351 609 557 662 homines„
590 625 690 665 ergo
720 610 911 652 homines
940 617 1113 666 propter
1142 611 1348 665 homines7

350 685 398 720 ut
429 678 704 720 ostenderent
736 686 777 720 et
802 678 1031 734 probarent
1060 680 1251 722 homines
1273 681 1348 723 ho-

351 749 512 790 minum
554 762 682 789 causa
726 754 872 801 natos,
918 755 959 789 et
1003 764 1346 804 unumquemque

351 818 570 859 hominum
609 833 693 858 non
734 816 814 859 sibi
851 817 929 858 soli
961 817 1037 858 sed
1068 818 1160 859 aliis
1191 819 1346 860 vivere.

350 886 463 928 unde
496 888 622 928 etiam
653 887 697 927 in
724 886 892 927 laudem
913 886 1133 928 Uticensis
1157 885 1349 941 Catonis,

353 957 424 1010 qui
456 955 570 1011 apud
592 955 809 997 Romanos
842 955 1012 997 habitus
1035 962 1099 997 est
1126 957 1350 1011 sapientis—

352 1027 500 1078 simus,
531 1025 733 1067 Lucanus
765 1024 1131 1080 historiographus
1163 1025 1222 1067 ita

439 1109 518 1136 nec
550 1094 629 1135 sibi
663 1094 738 1135 sed
768 1095 847 1135 toti
878 1094 1070 1150 genitum
1101 1109 1145 1135 se
1177 1094 1348 1137 credere

980 1162 1152 1204 mundo.

351 1232 606 1274 Ambrosius
637 1247 737 1273 vero
769 1231 918 1272 doctor
949 1232 1145 1287 egregius
1177 1233 1219 1273 in
1239 1232 1348 1274 libro

353 1301 404 1343 de
436 1302 604 1354 officiis,
635 1301 774 1341 Marci
797 1301 928 1342 Tullii
959 1299 1176 1342 Ciceronis
1209 1307 1250 1342 et
1282 1316 1349 1343 00-

351 1378 539 1412 terorum
580 1371 652 1424 qui
684 1369 735 1411 de
768 1370 920 1411 officiis
952 1370 1158 1424 scripsere
1187 1370 1348 1412 faciens

354 1440 624 1492 mentionem,
655 1440 738 1480 hoc
767 1438 880 1480 idem
912 1439 1077 1491 asserit,
1108 1438 1254 1480 dicens
1277 1455 1348 1481 eos

353 1510 459 1550 haec
491 1525 515 1550 a
546 1508 699 1550 divinis
737 1509 892 1549 veteris
931 1509 1175 1549 testamenti
1205 1515 1350 1550 aucto-

354 1578 471 1620 ribus
492 1577 707 1631 habuisse,
728 1593 890 1633 ponens
911 1576 1017 1618 illud
1038 1576 1152 1631 quod
1174 1577 1350 1632 Moyses

353 1648 395 1687 in
440 1647 549 1689 libro
590 1646 772 1688 Genesis
819 1646 870 1688 de
915 1647 1126 1688 creatione
1173 1646 1349 1688 secundi

400 1755 520 1783 codices
545 1753 607 1793 bfm
614 1764 640 1782 Γ.

355 1826 373 1854 2
400 1826 576 1854 sentencias
593 1830 623 1854 et
640 1825 831 1853 aeserciones
848 1823 881 1862 s.
934 1826 950 1853 3
980 1824 1046 1853 iure
1064 1823 1166 1863 0112.f.
1216 1825 1235 1853 4
1262 1828 1348 1863 Stoy-

352 1882 458 1900 corum
485 1872 550 1910 phy
574 1882 612 1900 m.
688 1873 705 1900 8
743 1880 988 1908 unumquenque
1012 1881 1070 1900 mr.
1145 1873 1161 1900 9
1201 1875 1247 1900 set
1263 1870 1347 1909 fmr.

357 1921 392 1947 11
422 1928 570 1948 romanus
585 1918 638 1957 f'
692 1919 730 1947 1‘2
756 1918 919 1954 Lucanus]
936 1918 1086 1947 Plan-sal.
1102 1918 1122 1947 2
1148 1918 1226 1948 383.
1252 1918 1263 1946 ΙΙ
1289 1919 1348 1956 hy-

353 1966 592 2004 storiographus
616 1976 674 2001 mr,
700 1966 961 2003 ystoriographus
978 1964 1011 2004 f,
1042 1965 1292 2004 istoriographus
1318 1965 1345 1994 b.

357 2014 395 2042 13
424 2014 479 2042 sed
497 2013 556 2042 soli
574 2014 714 2051 genitum
733 2022 763 2041 se
782 2022 839 2048 mr,
867 2022 898 2041 se
916 2012 974 2041 soli
992 2013 1133 2050 genitum
1153 2013 1207 2041 sed
1223 2016 1291 2040 toto
1318 2012 1344 2048 h,

353 2060 412 2089 soli
431 2061 571 2097 genitum
589 2064 635 2089 set
655 2063 720 2089 toto
738 2058 772 2097 f.
849 2061 889 2088 16
919 2059 1035 2095 Marci]
1061 2059 1105 2088 M.
1122 2058 1156 2098 f.
1233 2060 1272 2087 18
1299 2068 1347 2087 as-

354 2108 445 2143 serit]
472 2107 590 2145 asperit
613 2117 652 2135 m.
727 2107 767 2135 21
803 2107 949 2142 secundi]
976 2106 1072 2135 seculi
1099 2110 1127 2134 et
1152 2107 1183 2134 ἱη
1209 2107 1347 2144 ηιαὶῃὶηρ

354 2153 394 2182 al.
409 2155 536 2183 secundi
552 2164 589 2183 m.
617 2154 745 2183 secundi
763 2157 790 2182 et
809 2155 836 2182 ira
858 2155 997 2191 maryirze
1014 2153 1054 2182 al.
1068 2152 1165 2182 seculi
1182 2162 1209 2189 r,
1237 2156 1299 2182 seei
1318 2153 1345 2181 h.
