1420 2437
213 154 280 188 166

238 818 255 845 Φ
238 750 255 777 «7³
239 682 255 709 *l
238 614 255 641 Φ
238 543 254 570 U*
238 474 257 501 >4³—
239 406 256 433 02
238 338 255 365 N)
241 270 254 296 p...

217 886 254 913 10

214 955 253 982 11

214 1023 254 1051 12

216 1092 254 1119 13

216 1163 256 1190 14

214 1232 254 1259 15

214 1300 253 1329 16

1179 155 1227 184 III
1254 155 1295 186 12

309 253 479 294 civitate
511 267 616 306 quae
649 251 804 293 dicitur
834 251 1153 305 Rinocuronon‚
1193 268 1299 307 quae

306 322 490 376 pertinet
522 336 573 361 ex
604 322 742 375 patria
771 321 975 377 Aegypti.

365 389 437 431 Ad
457 402 619 445 partem
640 405 739 431 vero
762 389 1037 432 meridianam
1058 390 1187 432 habet
1207 391 1296 445 ipsa

305 460 443 514 portio
477 457 612 500 Chain
643 460 771 500 finem
804 458 1025 501 Oceanum
1058 460 1130 514 qui
1159 459 1298 514 tangit

306 528 577 584 Aethiopiam
634 528 967 570 Auxumitanam
1028 526 1300 570 Candaoissis

305 596 692 653 Troglodytorum,
743 597 1015 653 Aethiopiam
1066 595 1295 639 Garaman-

305 666 432 718 tium,
479 666 753 722 Aethiopiam
791 665 1052 718 Biboblatis,
1092 665 1296 706 Maurita-

306 734 418 775 niam
439 734 609 776 Perosis
642 742 684 776 et
705 735 1009 776 Mauritaniam
1029 734 1139 790 Egel
1166 748 1300 787 usque

306 803 359 844 ad
390 804 544 844 fretum
576 803 690 857 quod
732 804 978 845 multotiens
1010 803 1192 844 diximus
1225 801 1300 844 Se-

305 871 683 928 ptemgaditanum.

364 940 437 982 Ad.
465 947 629 996 partem
659 940 1031 996 septentrionalem
1060 939 1187 981 habet
1208 940 1298 995 ipsa

304 1011 443 1065 portio
476 1008 612 1051 Cham
650 1010 778 1051 finem
814 1009 941 1050 maris
980 1009 1147 1065 magni⁷
1186 1007 1299 1063 quod

304 1080 424 1121 iuxta
459 1079 584 1120 litora
614 1079 838 1134 navigatur
875 1093 951 1132 per
987 1084 1123 1119 totum
1153 1077 1300 1133 Aegy-

307 1155 428 1203 ptum
447 1154 487 1189 et
504 1147 809 1189 Mauritaniam
821 1144 1109 1202 Cyrenensem
1127 1145 1299 1187 etMau-

306 1217 502 1258 ritaniam
518 1217 791 1272 Tingitanam
822 1222 862 1256 et
886 1215 1190 1256 NIauritaniam
1212 1214 1300 1256 Ga-

307 1286 494 1328 ditanam
514 1300 648 1339 usque
672 1285 839 1340 saepius
862 1284 1124 1325 nominatum
1144 1284 1299 1325 fretum

304 1353 740 1410 Septemgaditanum.

309 1482 321 1508 1
339 1489 560 1508 runocuronon
578 1479 607 1515 C,
623 1480 818 1508 Rinocorura
832 1479 915 1515 editi,
931 1478 1142 1508 Rinocoruros
1156 1479 1224 1507 116
1242 1479 1296 1514 18,

304 1527 519 1555 Rinoeurnron
548 1526 572 1554 Γ
597 1526 612 1552 7
640 1530 668 1554 et
694 1527 747 1554 16.
836 1526 853 1554 2
888 1529 960 1562 post
984 1524 1124 1563 Aegypti
1159 1524 1182 1554 C
1210 1525 1298 1554 addit

305 1575 343 1602 de
368 1573 482 1601 finibus
509 1573 615 1602 affrice
647 1573 686 1601 ad
719 1576 840 1610 partem
866 1572 1081 1600 meridianam.
1168 1572 1184 1601 5
1225 1582 1299 1601 can-

305 1620 458 1649 dane-issis
484 1620 522 1655 B,
557 1619 767 1648 candantissis
793 1620 828 1650 A.
869 1619 1055 1647 candatissis
1084 1618 1112 1647 C.
1189 1620 1206 1648 6
1235 1624 1298 1648 tro-

304 1667 497 1705 gloditorum
534 1667 607 1703 ΑΒ,
658 1665 914 1703 Trogloditarum
952 1665 1035 1694 editi.
1134 1667 1151 1694 7
1193 1666 1298 1695 biblo-

303 1713 399 1742 blatis
424 1714 462 1749 B,
489 1713 670 1742 Biblobatis
691 1712 713 1741 C
729 1713 812 1741 editi.
889 1713 905 1740 ’ἶ
919 1709 976 1741 &8
1003 1713 1193 1742 mauritania
1211 1713 1296 1749 (bis)

304 1761 371 1789 ΑΒ.
445 1761 462 1788 9
490 1760 652 1789 multoties
678 1759 761 1788 editi.
831 1760 869 1788 10
891 1763 966 1796 post
983 1759 1297 1798 Septemgaditanum

307 1806 434 1836 Gaddit
460 1807 497 1835 de
523 1807 638 1836 finibus
664 1807 770 1835 affrice
796 1807 836 1835 ad
862 1810 983 1844 partem
1008 1806 1296 1844 septentrionalem.

308 1856 345 1882 11
374 1853 651 1892 septentrionalem
668 1857 788 1891 partem
811 1852 840 1882 C.
918 1854 957 1881 12
984 1854 1092 1890 porcio
1122 1853 1152 1883 C.
1179 1854 1190 1882 ll
1213 1862 1296 1882 mare

303 1911 451 1939 magnum
479 1901 513 1930 G.
603 1901 642 1929 13
669 1904 769 1929 totam
797 1900 831 1929 G.
916 1897 1045 1929 14&15
1073 1900 1295 1929 mauritoniani

304 1950 390 1984 (ter)
409 1948 445 1976 A.
522 1949 562 1976 14
598 1947 828 1986 Cyrenensem]
853 1948 897 1976 sic
925 1946 1034 1983 Guiclo,
1073 1948 1232 1976 cironense
1258 1947 1294 1982 A,

305 1995 498 2023 cironensem
521 1994 550 2030 C,
578 2003 781 2032 cyronensem
799 1994 827 2022 B
845 1994 928 2022 editi.
967 1994 978 2022 ΙΙ
1013 1995 1170 2031 sequentia
1182 1992 1295 2030 paullo

304 2041 428 2070 uberius
448 2045 566 2070 tractat
593 2041 702 2070 Cnido.
741 2041 753 2069 ΙΙ
789 2044 819 2069 et
838 2044 913 2078 post
931 2039 1140 2078 Cyrenensem
1165 2049 1221 2068 om.
1242 2039 1298 2069 BC

303 2087 388 2116 editi.
466 2089 504 2116 17
531 2089 801 2125 septecaditanum
836 2087 867 2116 C.
905 2087 916 2115 ΙΙ
945 2091 1020 2124 post
1043 2085 1296 2124 Septemgadita-

303 2143 375 2162 num
407 2136 429 2161 (χ’
452 2135 540 2163 addit
566 2135 603 2163 de
630 2135 744 2163 finibus
770 2135 875 2163 affrice
901 2134 941 2162 ad
967 2142 1122 2162 occasum.
