1420 2437
194 149 263 184 386

220 814 236 841 Φ
219 745 236 773 m
219 677 236 705 «1
220 607 237 635 Φ
219 536 235 564 U*
218 467 238 496 νβ
221 401 237 428 02
220 331 238 359 10
222 262 237 290 b—

196 882 212 1527 ν-ιι-ιμ-ι-ο-ν-μι-Δ-ιι-Δ

219 882 238 1527 Φω“1Φϋ“νρὓῧῐΟ’-·Φ

1184 153 1280 185 V16

288 250 492 291 montium
530 256 603 291 aut
642 265 666 291 a
705 249 923 305 praedicto
956 249 1130 292 Oceano
1170 249 1275 292 dilae

287 317 463 360 tissimo.
525 317 600 360 sed
639 318 753 373 quod
794 319 1106 373 multiloquium
1136 319 1276 361 mitta-

288 402 381 428 mus
412 387 737 429 aestimavimus.

317 454 384 498 16.
445 454 573 508 Quod
594 456 629 498 si
650 455 819 497 minime
840 462 1008 498 nostrae
1029 457 1273 512 fragilitatis

285 525 436 566 fefellit
455 539 588 577 mens,
618 524 729 566 siout
750 539 826 566 nos
848 525 1193 580 philosophorum
1213 525 1276 566 in-

249 632 252 634 .
287 594 442 635 struxit
462 593 640 646 astucia,
663 599 735 634 aut
755 599 802 634 ut
823 608 949 648 super
970 594 1175 649 seriptum
1196 600 1276 647 est,

288 661 388 703 dum
417 667 717 703 transmetatae
749 668 848 703 sunt
876 662 1081 717 plurimae
1112 669 1275 718 gentes⁷

288 737 334 772 ut
364 729 569 772 barbarus
590 745 681 772 mos
703 737 780 783 est,
810 731 989 772 forsitan
1010 730 1135 772 modo
1156 731 1277 772 aliter

287 799 565 855 appellantur.
626 814 724 840 nam
746 814 889 841 omnes
911 800 1097 854 prolatas
1117 802 1274 855 patrias

287 867 448 921 mundi,
480 866 650 910 Christo
681 867 802 909 nobis
834 868 1182 923 philosophorum
1203 868 1276 910 ad-

288 939 457 979 iuvante
497 937 749 990 munimine,
789 936 961 979 alterius
1001 952 1052 978 ex
1089 937 1278 991 quolibet

286 1007 416 1048 latere
440 1020 643 1048 conexam
663 1005 992 1061 designavimus.
1043 1012 1084 1047 et
1098 1007 1279 1049 fortasse

288 1075 412 1116 aliam
442 1074 720 1115 intentionem
751 1074 960 1129 quispiam
997 1075 1278 1130 proposuerit,

288 1143 487 1185 adserens
519 1142 728 1197 quomodo
750 1143 946 1196 aequales
970 1143 1185 1197 portiones
1207 1159 1277 1186 ac-

289 1218 492 1267 ceperunt
528 1211 605 1252 filii
634 1211 754 1264 Noe,
795 1225 890 1252 oum
929 1210 1090 1253 dietum
1129 1213 1185 1254 sit
1223 1212 1277 1254 ad

287 1296 486 1323 occasum
530 1280 657 1320 finem
703 1279 858 1320 habere
897 1279 1047 1321 Asiam
1084 1281 1277 1336 superius

288 1349 445 1391 dietam
482 1349 754 1403 Aethiopiam
792 1347 1159 1404 Trogloditorum,
1203 1349 1276 1392 ubi

287 1418 521 1461 seeundum
540 1417 773 1472 praefatam
793 1418 1135 1472 supputationem
1153 1419 1279 1460 tertia

286 1488 391 1530 hora
422 1487 505 1529 diei
536 1502 662 1541 super
692 1485 1029 1542 designationem
1061 1487 1181 1540 quasi
1203 1486 1277 1528 ad-

290 1616 304 1643 1
333 1616 400 1649 aut]
427 1612 477 1642 vel
503 1613 531 1641 Β
557 1613 641 1642 editi.
716 1613 733 1641 2
760 1612 968 1641 immittamus
989 1612 1027 1649 B,
1059 1612 1197 1642 uitamus
1213 1612 1274 1643 AC.

287 1662 305 1690 3
332 1660 574 1691 exstimauimus
603 1660 640 1695 ,-1,
678 1659 902 1688 extimavimus
928 1657 958 1687 C.
1055 1659 1072 1688 5
1111 1659 1212 1689 fefelit
1236 1660 1274 1690 Β.

285 1708 297 1737 Η
313 1709 388 1742 nos]
414 1708 507 1736 nobis
532 1706 595 1736 BC.
705 1707 722 1734 6
761 1710 816 1735 aut
840 1715 898 1734 om.
925 1705 1009 1734 editi.
1047 1706 1059 1734 ΙΙ
1095 1710 1129 1735 ut
1154 1716 1211 1736 om.
1236 1707 1275 1736 B.

286 1755 297 1784 ΙΙ
316 1759 363 1785 est
388 1764 444 1783 om.
467 1754 497 1784 C.
572 1755 589 1783 7
618 1756 805 1782 transmeate
834 1751 864 1781 C.
940 1753 956 1781 9
984 1752 1199 1790 appellantur]
1227 1753 1275 1783 hic

286 1802 462 1831 intermittit
488 1801 522 1830 G.
573 1800 584 1829 ΙΙ
636 1803 711 1837 post
742 1800 861 1838 patrias
887 1798 943 1828 ΒΟ
965 1799 1037 1828 adel.
1064 1803 1157 1835 totas,
1194 1800 1276 1829 Rotlz

286 1851 415 1878 coniecit
440 1849 547 1878 totius
624 1848 662 1875 11
701 1847 883 1882 munimine]
911 1856 1036 1875 mmune
1053 1848 1090 1883 A,
1117 1850 1222 1876 imune
1236 1848 1273 1882 Β,

285 1896 421 1925 Numine
447 1895 529 1924 editi.
568 1894 579 1923 ΙΙ
615 1893 758 1930 alterius]
786 1893 875 1922 alteri
901 1893 966 1921 314
996 1894 1049 1921 10.
1087 1893 1099 1922 Η
1134 1894 1276 1930 qualibet

285 1944 343 1971 AB
367 1943 452 1972 editi.
528 1942 566 1970 12
600 1950 776 1970 connexam
805 1939 828 1969 C
850 1940 934 1969 editi.
1015 1941 1054 1969 13
1089 1939 1151 1969 alia
1175 1940 1276 1969 inten-

286 1990 372 2019 tione
384 1988 446 2018 AC.
473 1989 484 2017 l!
509 1989 664 2026 quispiam
678 1987 888 2025 proposuerit]
903 1988 1102 2024 proposuerit
1114 1987 1228 2024 aliquis
1244 1986 1274 2015 C.

288 2038 330 2066 14
356 2045 495 2066 asserens
511 2034 632 2065 Cediti.
686 2035 724 2063 16
752 2035 882 2063 haberet
895 2034 1102 2063 asiaBeclz'tz'.
1155 2034 1194 2062 17
1222 2034 1275 2063 tri-

285 2083 476 2121 gioditorum
502 2083 543 2118 A,
582 2081 794 2120 trigliotorum
821 2081 858 2113 B,
898 2080 1164 2118 Troglodytorum
1191 2080 1273 2109 editi.

288 2132 301 2158 1
309 2131 326 2159 8
367 2130 463 2160 tercia
490 2128 519 2158 C.
