1420 2437
208 147 277 182 392

234 806 251 833 <0
234 738 250 764 ὦ
235 670 250 697 «1
234 602 251 629 Φ
235 533 251 560 U*
234 466 252 492 »ἆέ-
234 399 251 426 02
234 330 251 357 Ν.)
236 262 250 289 >—¹

210 875 226 1449 μο-ιι-ιι-ιο-Δν-Δν-*ι-ιμ

232 874 252 1449 ωῆΦὶἎιρΟ-ἳῑῦν-*Φ

1195 154 1291 184 V19

347 246 413 290 19.
476 247 525 288 In
558 248 667 289 colfo
699 264 798 289 vero
819 248 1064 304 Hyrcaniae
1085 249 1208 291 Isson
1241 266 1291 291 ex

303 314 477 358 Oceano
529 332 715 358 summae
766 317 899 372 partis
953 319 1290 373 septentrionalis

302 385 538 439 pertinente
576 385 848 426 inveniuntur
886 386 1047 428 insulae
1085 401 1191 440 quae
1229 386 1290 428 di-

302 458 456 494 cuntur

500 522 714 563 Talartica

500 590 686 632 Virnalis

500 659 660 700 insulae
692 658 898 701 Silvestri.

361 726 474 768 Vero
504 727 547 768 in
579 728 684 768 mari
714 743 867 783 magno
898 729 1084 783 spatioso
1123 744 1198 784 per
1229 728 1293 771 di-

303 811 427 837 versa
465 796 559 837 loca
605 796 761 838 mthae
809 797 971 838 insulae
1007 797 1291 850 inveniuntur,

302 880 353 905 ex
397 863 550 918 quibus
589 865 790 919 plurimas
830 866 1043 907 nominare
1082 867 1292 919 volumus,

300 932 344 974 id
391 940 455 975 est
495 934 539 974 in
587 934 696 975 colfo
737 934 916 975 Pontico
963 949 1014 974 ex
1053 935 1147 989 ipso
1186 936 1290 976 mari

301 1017 455 1058 magno
486 1002 722 1056 pertinente
755 1001 910 1043 dicitur

499 1070 638 1111 insula
657 1070 854 1124 Achillis,
886 1086 992 1124 quae
1023 1078 1087 1113 est
1109 1087 1133 1113 a
1152 1072 1290 1113 fronte

300 1138 492 1192 superius
515 1138 618 1180 dicti
641 1139 830 1180 Danubii
852 1140 1022 1180 maximi
1043 1139 1240 1181 fluminis.

358 1206 400 1246 A
430 1213 548 1261 parte
578 1222 678 1248 vero
709 1209 829 1261 quasi
861 1207 1092 1249 meridiana
1122 1209 1164 1250 in
1196 1210 1288 1264 ipso

301 1275 410 1316 eolfo
440 1275 619 1317 Pontico
651 1282 715 1318 est
744 1276 882 1318 insula
912 1291 1019 1330 quae
1050 1276 1205 1319 dieitur

483 1342 700 1397 Cafnusia,
709 1345 1007 1387 iteruminsula
1017 1360 1123 1399 quae
1135 1345 1289 1388 dieitur

480 1411 675 1455 Cerasus.

302 1521 315 1547 1
345 1519 446 1548 colfus
471 1520 507 1557 A,
541 1520 626 1549 eolfu
650 1521 688 1557 B,
721 1520 836 1558 eolpho
865 1519 895 1557 C,
922 1520 1048 1550 Colfum
1069 1521 1151 1550 editi.
1178 1522 1190 1549 ΙΙ
1224 1522 1288 1550 hir-

299 1567 386 1595 eanie
411 1566 448 1595 Β.
488 1567 499 1595 [l
534 1567 603 1596 ison
628 1569 665 1603 A,
701 1576 798 1605 ysson
827 1565 857 1596 C.
948 1569 965 1596 3
1004 1569 1195 1605 pertinentes
1219 1569 1285 1597 AB.

300 1614 317 1642 6
344 1613 488 1642 uirinalis
500 1614 536 1642 A.
612 1615 628 1643 7
657 1613 814 1649 silvestri]
835 1610 974 1648 ἑλώδεις
989 1614 1159 1645 Ptolemaei
1176 1616 1214 1651 (5
1242 1616 1284 1644 11

292 1670 326 1697 p.
343 1659 409 1688 354
441 1659 550 1695 Wilb.)
577 1659 724 1698 fortasse
749 1656 894 1693 ὑλώδεις
918 1660 1075 1690 silvestres
1100 1671 1163 1691 esse
1187 1666 1288 1691 monet

297 1706 487 1736 Porcheron.
530 1707 541 1736 Η
576 1711 652 1744 post
683 1706 826 1736 Silvestri
859 1706 883 1736 C
911 1708 984 1737 add.
1018 1709 1056 1737 de
1088 1708 1200 1737 insulis
1230 1718 1286 1746 per

297 1754 421 1783 diversa
442 1753 514 1782 loca
542 1753 575 1782 in
605 1754 682 1783 mari
714 1763 827 1792 magno
852 1754 983 1792 positas.
1081 1756 1099 1783 8
1136 1763 1209 1784 vero
1235 1755 1284 1791 in]

295 1809 369 1829 vero
394 1801 430 1836 A,
468 1809 576 1829 versus
595 1801 623 1829 B
648 1800 732 1829 editi.
768 1801 780 1829 Η
815 1810 898 1830 mare
916 1801 973 1829 AB
989 1801 1073 1830 editi.
1110 1801 1122 1830 ΙΙ
1157 1803 1282 1840 magno]

296 1847 396 1884 magis
420 1849 461 1883 A,
498 1856 647 1885 magnum
673 1847 756 1876 editi.
806 1847 817 1876 Η
864 1848 1007 1885 spacioso
1035 1847 1070 1884 C',
1112 1849 1283 1885 spatiosum

296 1893 379 1922 editi.
467 1894 483 1922 9
523 1894 727 1923 inveniuntur
751 1903 809 1922 om.
827 1895 864 1922 A.
951 1894 990 1923 10
1024 1898 1098 1931 post
1123 1895 1236 1932 quibus
1264 1893 1287 1923 C

296 1939 369 1968 add.
383 1944 423 1969 et.
462 1941 473 1969 ΙΙ
502 1944 577 1977 post
589 1940 739 1977 plurimas
752 1941 777 1968 Α
792 1941 881 1969 addit
893 1941 998 1970 etiam.
1056 1942 1093 1970 11
1122 1941 1235 1978 colpho
1253 1940 1283 1970 C.

300 1987 338 2015 13
378 1986 504 2021 „insula
527 1986 670 2022 Achillis,
710 1986 824 2016 tumulo
856 1989 918 2016 eius
948 1988 1008 2016 viri
1038 1986 1151 2016 clara“
1188 1986 1282 2018 Plin..

296 2032 357 2061 Ins.
385 2042 424 2062 a.
442 2054 449 2061 .
466 2055 472 2062 .
488 2056 494 2062 .
510 2033 521 2062 l
537 2056 543 2062 .
560 2055 567 2062 .
598 2033 694 2063 Tab.?
785 2035 824 2063 15
864 2034 954 2071 quasi
978 2034 1168 2069 meridiana]
1192 2034 1283 2062 meri-

296 2080 390 2109 diana
414 2080 504 2117 quasi
530 2081 557 2108 Β
582 2080 666 2109 editi.
740 2081 780 2110 16
808 2080 922 2118 colpho
951 2080 982 2110 C.
1057 2081 1096 2109 18
1124 2083 1199 2117 post
1224 2079 1282 2109 Ce-

295 2134 382 2155 rasus
411 2126 433 2155 C
455 2126 528 2156 add.
554 2127 592 2156 de
617 2126 707 2164 eolpo
735 2127 879 2156 orientali
904 2136 943 2155 ex
969 2127 1036 2164 ipso
1063 2127 1139 2155 mari
1164 2135 1278 2165 magno

295 2172 478 2208 pertinente.
505 2173 608 2202 insula
633 2183 728 2211 cypro
755 2177 785 2203 et
810 2173 879 2203 aliis
904 2172 1024 2202 insulis.
